sequence_id,game_id,sequence_index,first_event,last_event,event_count,start_team,end_team,start_zone,end_zone,has_goal,start_seconds,end_seconds,duration_seconds,sequence_key,first_event_key,last_event_key,start_zone_id,end_zone_id,video_time_start,play_chain,event_chain_indices,team_id,video_time_end,start_team_id,end_team_id,home_team_id,away_team_id
SQ1896900002,18969,2,1000.0,1000.0,1,,,,,False,,,,SQ18969000002,E18969001000,E18969001000,,,0.0,GameStart,1000,N10010,0.0,,,N10008,N10010
SQ1896900003,18969,3,1001.0,1005.0,5,Home,Home,n,n,False,1069.0,1080.0,11.0,SQ18969000003,E18969001001,E18969001005,ZN0003,ZN0003,0.0,Faceoff > Pass > Possession > Pass > Zone_Entry_Exit,"1001,1002,1003,1004,1005",N10008,11.0,,,N10008,N10010
SQ1896900004,18969,4,1006.0,1015.0,10,Home,Away,n,o,False,1048.0,1069.0,21.0,SQ18969000004,E18969001006,E18969001015,ZN0003,ZN0001,11.0,Turnover > Possession > Pass > Zone_Entry_Exit > Possession > Zone_Entry_Exit > Shot > Possession > Possession > Pass,"1006,1007,1008,1009,1010,1011,1012,1013,1014,1015",N10008,32.0,,,N10008,N10010
SQ1896900005,18969,5,1016.0,1023.0,8,Away,Home,o,o,False,1028.0,1047.0,19.0,SQ18969000005,E18969001016,E18969001023,ZN0001,ZN0001,33.0,Turnover > Possession > Pass > Zone_Entry_Exit > Possession > Possession > Zone_Entry_Exit > Possession,"1016,1017,1018,1019,1020,1021,1022,1023",N10010,52.0,,,N10008,N10010
SQ1896900006,18969,6,1024.0,1024.0,1,Away,Away,d,d,False,1025.0,1025.0,0.0,SQ18969000006,E18969001024,E18969001024,ZN0002,ZN0002,55.0,Turnover,1024,N10010,55.0,,,N10008,N10010
SQ1896900007,18969,7,1025.0,1039.0,15,Away,Away,d,n,False,1000.0,1022.0,22.0,SQ18969000007,E18969001025,E18969001039,ZN0002,ZN0003,58.0,Turnover > Possession > Shot > Possession > Shot > Possession > Pass > Shot > Save > Rebound > Possession > Pass > Zone_Entry_Exit > Possession > Pass,"1025,1026,1027,1028,1029,1030,1031,1032,1033,1034,1035,1036,1037,1038,1039",N10010,80.0,,,N10008,N10010
SQ1896900008,18969,8,1040.0,1041.0,2,Away,Away,n,n,False,995.0,995.0,0.0,SQ18969000008,E18969001040,E18969001041,ZN0003,ZN0003,85.0,Stoppage > DeadIce,"1040,1041",N10010,85.0,,,N10008,N10010
SQ1896900009,18969,9,1042.0,1058.0,17,Home,Home,o,o,False,948.0,974.0,26.0,SQ18969000009,E18969001042,E18969001058,ZN0001,ZN0001,106.0,Faceoff > Shot > Save > Rebound > Possession > Possession > Pass > Possession > Pass > Possession > Pass > Zone_Entry_Exit > Possession > Pass > Possession > Pass > Zone_Entry_Exit,"1042,1043,1044,1045,1046,1047,1048,1049,1050,1051,1052,1053,1054,1055,1056,1057,1058",N10008,132.0,,,N10008,N10010
SQ1896900010,18969,10,1059.0,1066.0,8,Home,Away,o,n,False,937.0,943.0,6.0,SQ18969000010,E18969001059,E18969001066,ZN0001,ZN0003,137.0,Turnover > Possession > Pass > Possession > Pass > Zone_Entry_Exit > Possession > Zone_Entry_Exit,"1059,1060,1061,1062,1063,1064,1065,1066",N10008,143.0,,,N10008,N10010
SQ1896900011,18969,11,1067.0,1070.0,4,Away,Home,n,d,False,932.0,937.0,5.0,SQ18969000011,E18969001067,E18969001070,ZN0003,ZN0002,143.0,Turnover > Possession > Pass > Zone_Entry_Exit,"1067,1068,1069,1070",N10010,148.0,,,N10008,N10010
SQ1896900012,18969,12,1071.0,1075.0,5,Home,Away,d,o,False,923.0,932.0,9.0,SQ18969000012,E18969001071,E18969001075,ZN0002,ZN0001,148.0,Turnover > Possession > Pass > Possession > Zone_Entry_Exit,"1071,1072,1073,1074,1075",N10008,157.0,,,N10008,N10010
SQ1896900013,18969,13,1076.0,1079.0,4,Away,Home,o,d,False,914.0,923.0,9.0,SQ18969000013,E18969001076,E18969001079,ZN0001,ZN0002,157.0,Turnover > Possession > Pass > Possession,"1076,1077,1078,1079",N10010,166.0,,,N10008,N10010
SQ1896900014,18969,14,1080.0,1083.0,4,Home,Away,d,o,False,904.0,912.0,8.0,SQ18969000014,E18969001080,E18969001083,ZN0002,ZN0001,168.0,Turnover > Possession > Possession > Pass,"1080,1081,1082,1083",N10008,176.0,,,N10008,N10010
SQ1896900015,18969,15,1084.0,1085.0,2,Away,Home,o,d,False,902.0,904.0,2.0,SQ18969000015,E18969001084,E18969001085,ZN0001,ZN0002,176.0,Turnover > Possession,"1084,1085",N10010,178.0,,,N10008,N10010
SQ1896900016,18969,16,1086.0,1089.0,4,Home,Away,d,o,False,894.0,899.0,5.0,SQ18969000016,E18969001086,E18969001089,ZN0002,ZN0001,181.0,Turnover > Possession > Zone_Entry_Exit > Pass,"1086,1087,1088,1089",N10008,186.0,,,N10008,N10010
SQ1896900017,18969,17,1090.0,1096.0,7,Away,Home,o,o,False,882.0,894.0,12.0,SQ18969000017,E18969001090,E18969001096,ZN0001,ZN0001,186.0,Turnover > Possession > Possession > Pass > Zone_Entry_Exit > Possession > Zone_Entry_Exit,"1090,1091,1092,1093,1094,1095,1096",N10010,198.0,,,N10008,N10010
SQ1896900018,18969,18,1097.0,1099.0,3,Away,Home,d,n,False,876.0,880.0,4.0,SQ18969000018,E18969001097,E18969001099,ZN0002,ZN0003,200.0,Turnover > Zone_Entry_Exit > Possession,"1097,1098,1099",N10010,204.0,,,N10008,N10010
SQ1896900019,18969,19,1100.0,1102.0,3,Away,Home,n,n,False,873.0,874.0,1.0,SQ18969000019,E18969001100,E18969001102,ZN0003,ZN0003,206.0,Turnover > Possession > Zone_Entry_Exit,"1100,1101,1102",N10010,207.0,,,N10008,N10010
SQ1896900020,18969,20,1103.0,1103.0,1,Away,Away,n,n,False,873.0,871.0,-2.0,SQ18969000020,E18969001103,E18969001103,ZN0003,ZN0003,207.0,Turnover,1103,N10010,207.0,,,N10008,N10010
SQ1896900021,18969,21,1104.0,1105.0,2,Away,Away,n,n,False,871.0,871.0,0.0,SQ18969000021,E18969001104,E18969001105,ZN0003,ZN0003,209.0,Stoppage > DeadIce,"1104,1105",N10010,209.0,,,N10008,N10010
SQ1896900022,18969,22,1106.0,1113.0,8,Away,Home,d,o,False,838.0,848.0,10.0,SQ18969000022,E18969001106,E18969001113,ZN0002,ZN0001,232.0,Faceoff > Possession > Play > Possession > Play > Possession > Zone_Entry_Exit > Zone_Entry_Exit,"1106,1107,1108,1109,1110,1111,1112,1113",N10010,242.0,,,N10008,N10010
SQ1896900023,18969,23,1114.0,1116.0,3,Home,Home,o,o,False,836.0,838.0,2.0,SQ18969000023,E18969001114,E18969001116,ZN0001,ZN0001,242.0,Turnover > Possession > Pass,"1114,1115,1116",N10008,244.0,,,N10008,N10010
SQ1896900024,18969,24,1117.0,1118.0,2,Away,Away,d,d,False,831.0,835.0,4.0,SQ18969000024,E18969001117,E18969001118,ZN0002,ZN0002,245.0,Turnover > Possession,"1117,1118",N10010,249.0,,,N10008,N10010
SQ1896900025,18969,25,1119.0,1121.0,3,Away,Home,d,o,False,830.0,831.0,1.0,SQ18969000025,E18969001119,E18969001121,ZN0002,ZN0001,249.0,Turnover > Zone_Entry_Exit > Possession,"1119,1120,1121",N10010,250.0,,,N10008,N10010
SQ1896900026,18969,26,1122.0,1124.0,3,Home,Away,o,d,False,826.0,827.0,1.0,SQ18969000026,E18969001122,E18969001124,ZN0001,ZN0002,253.0,Turnover > Possession > Pass,"1122,1123,1124",N10008,254.0,,,N10008,N10010
SQ1896900027,18969,27,1125.0,1130.0,6,Away,Away,d,d,False,813.0,819.0,6.0,SQ18969000027,E18969001125,E18969001130,ZN0002,ZN0002,261.0,Turnover > Possession > Pass > Shot > Save > Rebound,"1125,1126,1127,1128,1129,1130",N10010,267.0,,,N10008,N10010
SQ1896900028,18969,28,1131.0,1139.0,9,Away,Away,d,d,False,798.0,813.0,15.0,SQ18969000028,E18969001131,E18969001139,ZN0002,ZN0002,267.0,Turnover > Zone_Entry_Exit > Possession > Shot > Save > Rebound > Possession > Pass > Possession,"1131,1132,1133,1134,1135,1136,1137,1138,1139",N10010,282.0,,,N10008,N10010
SQ1896900029,18969,29,1140.0,1145.0,6,Home,Away,o,d,False,787.0,796.0,9.0,SQ18969000029,E18969001140,E18969001145,ZN0001,ZN0002,284.0,Turnover > Possession > Pass > Possession > Pass > Zone_Entry_Exit,"1140,1141,1142,1143,1144,1145",N10008,293.0,,,N10008,N10010
SQ1896900030,18969,30,1146.0,1151.0,6,Away,Home,d,o,False,776.0,787.0,11.0,SQ18969000030,E18969001146,E18969001151,ZN0002,ZN0001,293.0,Turnover > Possession > Pass > Possession > Zone_Entry_Exit > Shot,"1146,1147,1148,1149,1150,1151",N10010,304.0,,,N10008,N10010
SQ1896900031,18969,31,1152.0,1167.0,16,Home,Home,o,o,False,755.0,776.0,21.0,SQ18969000031,E18969001152,E18969001167,ZN0001,ZN0001,304.0,Turnover > Possession > Pass > Zone_Entry_Exit > Pass > Zone_Entry_Exit > Shot > Save > Rebound > Possession > Zone_Entry_Exit > Possession > Pass > Zone_Entry_Exit > Possession > Pass,"1152,1153,1154,1155,1156,1157,1158,1159,1160,1161,1162,1163,1164,1165,1166,1167",N10008,325.0,,,N10008,N10010
SQ1896900032,18969,32,1168.0,1169.0,2,Home,Away,o,d,False,751.0,755.0,4.0,SQ18969000032,E18969001168,E18969001169,ZN0001,ZN0002,325.0,Turnover > Possession,"1168,1169",N10008,329.0,,,N10008,N10010
SQ1896900033,18969,33,1170.0,1170.0,1,Home,Home,o,o,False,745.0,745.0,0.0,SQ18969000033,E18969001170,E18969001170,ZN0001,ZN0001,335.0,Turnover,1170,N10008,335.0,,,N10008,N10010
SQ1896900034,18969,34,1171.0,1172.0,2,Home,Away,o,d,False,739.0,744.0,5.0,SQ18969000034,E18969001171,E18969001172,ZN0001,ZN0002,336.0,Turnover > Possession,"1171,1172",N10008,341.0,,,N10008,N10010
SQ1896900035,18969,35,1173.0,1190.0,18,Away,Home,d,o,True,711.0,739.0,28.0,SQ18969000035,E18969001173,E18969001190,ZN0002,ZN0001,341.0,Turnover > Possession > Pass > Shot > Save > Rebound > Possession > Pass > Possession > Pass > Pass > Possession > Pass > Possession > Pass > Possession > Shot > Goal,"1173,1174,1175,1176,1177,1178,1179,1180,1181,1182,1183,1184,1185,1186,1187,1188,1189,1190",N10010,369.0,,,N10008,N10010
SQ1896900036,18969,36,1191.0,1192.0,2,Home,Home,o,o,False,710.0,711.0,1.0,SQ18969000036,E18969001191,E18969001192,ZN0001,ZN0001,369.0,Stoppage > DeadIce,"1191,1192",N10008,370.0,,,N10008,N10010
SQ1896900037,18969,37,1193.0,1196.0,4,Home,Home,n,n,False,680.0,687.0,7.0,SQ18969000037,E18969001193,E18969001196,ZN0003,ZN0003,393.0,Faceoff > Possession > Pass > Pass,"1193,1194,1195,1196",N10008,400.0,,,N10008,N10010
SQ1896900038,18969,38,1197.0,1198.0,2,Home,Home,n,n,False,680.0,680.0,0.0,SQ18969000038,E18969001197,E18969001198,ZN0003,ZN0003,400.0,Stoppage > DeadIce,"1197,1198",N10008,400.0,,,N10008,N10010
SQ1896900039,18969,39,1199.0,1200.0,2,Home,Home,d,d,False,654.0,657.0,3.0,SQ18969000039,E18969001199,E18969001200,ZN0002,ZN0002,423.0,Faceoff > Possession,"1199,1200",N10008,426.0,,,N10008,N10010
SQ1896900040,18969,40,1201.0,1203.0,3,Home,Away,d,o,False,649.0,652.0,3.0,SQ18969000040,E18969001201,E18969001203,ZN0002,ZN0001,428.0,Turnover > Possession > Shot,"1201,1202,1203",N10008,431.0,,,N10008,N10010
SQ1896900041,18969,41,1204.0,1211.0,8,Away,Home,o,o,False,641.0,649.0,8.0,SQ18969000041,E18969001204,E18969001211,ZN0001,ZN0001,431.0,Turnover > Possession > Pass > Pass > Zone_Entry_Exit > Possession > Pass > Zone_Entry_Exit,"1204,1205,1206,1207,1208,1209,1210,1211",N10010,439.0,,,N10008,N10010
SQ1896900042,18969,42,1212.0,1219.0,8,Home,Home,o,d,False,624.0,641.0,17.0,SQ18969000042,E18969001212,E18969001219,ZN0001,ZN0002,439.0,Turnover > Possession > Possession > Zone_Entry_Exit > Possession > Zone_Entry_Exit > Shot > Save,"1212,1213,1214,1215,1216,1217,1218,1219",N10008,456.0,,,N10008,N10010
SQ1896900043,18969,43,1220.0,1221.0,2,Home,Home,d,d,False,624.0,624.0,0.0,SQ18969000043,E18969001220,E18969001221,ZN0002,ZN0002,456.0,Stoppage > DeadIce,"1220,1221",N10008,456.0,,,N10008,N10010
SQ1896900044,18969,44,1222.0,1222.0,1,Home,Home,d,d,False,606.0,606.0,0.0,SQ18969000044,E18969001222,E18969001222,ZN0002,ZN0002,474.0,Faceoff,1222,N10008,474.0,,,N10008,N10010
SQ1896900045,18969,45,1223.0,1227.0,5,Home,Home,d,d,False,599.0,603.0,4.0,SQ18969000045,E18969001223,E18969001227,ZN0002,ZN0002,477.0,Turnover > Zone_Entry_Exit > Possession > Shot > Save,"1223,1224,1225,1226,1227",N10008,481.0,,,N10008,N10010
SQ1896900046,18969,46,1228.0,1229.0,2,Home,Home,d,d,False,597.0,597.0,0.0,SQ18969000046,E18969001228,E18969001229,ZN0002,ZN0002,483.0,Stoppage > DeadIce,"1228,1229",N10008,483.0,,,N10008,N10010
SQ1896900047,18969,47,1230.0,1233.0,4,Home,Home,d,d,False,578.0,585.0,7.0,SQ18969000047,E18969001230,E18969001233,ZN0002,ZN0002,495.0,Faceoff > Pass > Possession > Zone_Entry_Exit,"1230,1231,1232,1233",N10008,502.0,,,N10008,N10010
SQ1896900048,18969,48,1234.0,1239.0,6,Home,Home,n,n,False,568.0,578.0,10.0,SQ18969000048,E18969001234,E18969001239,ZN0003,ZN0003,502.0,Turnover > Possession > Pass > Possession > Pass > Zone_Entry_Exit,"1234,1235,1236,1237,1238,1239",N10008,512.0,,,N10008,N10010
SQ1896900049,18969,49,1240.0,1244.0,5,Home,Away,n,n,False,561.0,568.0,7.0,SQ18969000049,E18969001240,E18969001244,ZN0003,ZN0003,512.0,Turnover > Possession > Zone_Entry_Exit > Possession > Pass,"1240,1241,1242,1243,1244",N10008,519.0,,,N10008,N10010
SQ1896900050,18969,50,1245.0,1246.0,2,Away,Home,n,n,False,558.0,561.0,3.0,SQ18969000050,E18969001245,E18969001246,ZN0003,ZN0003,519.0,Turnover > Possession,"1245,1246",N10010,522.0,,,N10008,N10010
SQ1896900051,18969,51,1247.0,1255.0,9,Away,Away,n,n,False,549.0,556.0,7.0,SQ18969000051,E18969001247,E18969001255,ZN0003,ZN0003,524.0,Turnover > Zone_Entry_Exit > Play > Possession > Pass > Zone_Entry_Exit > Possession > Pass > Zone_Entry_Exit,"1247,1248,1249,1250,1251,1252,1253,1254,1255",N10010,531.0,,,N10008,N10010
SQ1896900052,18969,52,1256.0,1260.0,5,Away,Home,n,d,False,541.0,549.0,8.0,SQ18969000052,E18969001256,E18969001260,ZN0003,ZN0002,531.0,Turnover > Possession > Pass > Possession > Pass,"1256,1257,1258,1259,1260",N10010,539.0,,,N10008,N10010
SQ1896900053,18969,53,1261.0,1263.0,3,Home,Away,d,o,False,539.0,541.0,2.0,SQ18969000053,E18969001261,E18969001263,ZN0002,ZN0001,539.0,Turnover > Zone_Entry_Exit > Possession,"1261,1262,1263",N10008,541.0,,,N10008,N10010
SQ1896900054,18969,54,1264.0,1270.0,7,Home,Home,o,o,False,530.0,538.0,8.0,SQ18969000054,E18969001264,E18969001270,ZN0001,ZN0001,542.0,Turnover > Possession > Pass > Zone_Entry_Exit > Pass > Possession > Zone_Entry_Exit,"1264,1265,1266,1267,1268,1269,1270",N10008,550.0,,,N10008,N10010
SQ1896900055,18969,55,1271.0,1274.0,4,Away,Away,d,d,False,524.0,528.0,4.0,SQ18969000055,E18969001271,E18969001274,ZN0002,ZN0002,552.0,Turnover > Possession > Pass > Zone_Entry_Exit,"1271,1272,1273,1274",N10010,556.0,,,N10008,N10010
SQ1896900056,18969,56,1275.0,1277.0,3,Away,Home,d,n,False,522.0,524.0,2.0,SQ18969000056,E18969001275,E18969001277,ZN0002,ZN0003,556.0,Turnover > Possession > Pass,"1275,1276,1277",N10010,558.0,,,N10008,N10010
SQ1896900057,18969,57,1278.0,1280.0,3,Home,Away,n,n,False,518.0,522.0,4.0,SQ18969000057,E18969001278,E18969001280,ZN0003,ZN0003,558.0,Turnover > Possession > Pass,"1278,1279,1280",N10008,562.0,,,N10008,N10010
SQ1896900058,18969,58,1281.0,1289.0,9,Away,Away,n,d,False,506.0,518.0,12.0,SQ18969000058,E18969001281,E18969001289,ZN0003,ZN0002,562.0,Turnover > Possession > Zone_Entry_Exit > Shot > Possession > Shot > Save > Rebound > Possession,"1281,1282,1283,1284,1285,1286,1287,1288,1289",N10010,574.0,,,N10008,N10010
SQ1896900059,18969,59,1290.0,1291.0,2,Away,Away,d,d,False,499.0,499.0,0.0,SQ18969000059,E18969001290,E18969001291,ZN0002,ZN0002,581.0,Stoppage > DeadIce,"1290,1291",N10010,581.0,,,N10008,N10010
SQ1896900060,18969,60,1292.0,1306.0,15,Away,Home,d,o,False,448.0,477.0,29.0,SQ18969000060,E18969001292,E18969001306,ZN0002,ZN0001,603.0,Faceoff > Possession > Pass > Possession > Shot > Possession > Pass > Possession > Pass > Possession > Shot > Possession > Pass > Possession > Shot,"1292,1293,1294,1295,1296,1297,1298,1299,1300,1301,1302,1303,1304,1305,1306",N10010,632.0,,,N10008,N10010
SQ1896900061,18969,61,1307.0,1308.0,2,Home,Home,o,o,False,444.0,444.0,0.0,SQ18969000061,E18969001307,E18969001308,ZN0001,ZN0001,636.0,Stoppage > DeadIce,"1307,1308",N10008,636.0,,,N10008,N10010
SQ1896900062,18969,62,1309.0,1312.0,4,Away,Home,d,o,False,413.0,417.0,4.0,SQ18969000062,E18969001309,E18969001312,ZN0002,ZN0001,663.0,Faceoff > Possession > Zone_Entry_Exit > Shot,"1309,1310,1311,1312",N10010,667.0,,,N10008,N10010
SQ1896900063,18969,63,1313.0,1318.0,6,Home,Away,o,o,False,403.0,413.0,10.0,SQ18969000063,E18969001313,E18969001318,ZN0001,ZN0001,667.0,Turnover > Possession > Pass > Zone_Entry_Exit > Zone_Entry_Exit > Pass,"1313,1314,1315,1316,1317,1318",N10008,677.0,,,N10008,N10010
SQ1896900064,18969,64,1319.0,1327.0,9,Away,Away,o,d,False,392.0,403.0,11.0,SQ18969000064,E18969001319,E18969001327,ZN0001,ZN0002,677.0,Turnover > Possession > Zone_Entry_Exit > Possession > Zone_Entry_Exit > Possession > Pass > Zone_Entry_Exit > Zone_Entry_Exit,"1319,1320,1321,1322,1323,1324,1325,1326,1327",N10010,688.0,,,N10008,N10010
SQ1896900065,18969,65,1328.0,1336.0,9,Away,Home,d,o,False,374.0,392.0,18.0,SQ18969000065,E18969001328,E18969001336,ZN0002,ZN0001,688.0,Turnover > Possession > Pass > Pass > Zone_Entry_Exit > Possession > Zone_Entry_Exit > Pass > Shot,"1328,1329,1330,1331,1332,1333,1334,1335,1336",N10010,706.0,,,N10008,N10010
SQ1896900066,18969,66,1337.0,1338.0,2,Home,Away,o,d,False,372.0,374.0,2.0,SQ18969000066,E18969001337,E18969001338,ZN0001,ZN0002,706.0,Turnover > Zone_Entry_Exit,"1337,1338",N10008,708.0,,,N10008,N10010
SQ1896900067,18969,67,1339.0,1355.0,17,Away,Away,d,o,True,348.0,372.0,24.0,SQ18969000067,E18969001339,E18969001355,ZN0002,ZN0001,708.0,Turnover > Possession > Pass > Zone_Entry_Exit > Possession > Shot > Save > Rebound > Possession > Pass > Possession > Pass > Zone_Entry_Exit > Zone_Entry_Exit > Possession > Shot > Goal,"1339,1340,1341,1342,1343,1344,1345,1346,1347,1348,1349,1350,1351,1352,1353,1354,1355",N10010,732.0,,,N10008,N10010
SQ1896900068,18969,68,1356.0,1357.0,2,Away,Away,o,o,False,348.0,348.0,0.0,SQ18969000068,E18969001356,E18969001357,ZN0001,ZN0001,732.0,Stoppage > DeadIce,"1356,1357",N10010,732.0,,,N10008,N10010
SQ1896900069,18969,69,1358.0,1377.0,20,Home,Home,n,o,False,294.0,320.0,26.0,SQ18969000069,E18969001358,E18969001377,ZN0003,ZN0001,760.0,Faceoff > Possession > Pass > Possession > Pass > Possession > Zone_Entry_Exit > Pass > Shot > Save > Rebound > Possession > Shot > Zone_Entry_Exit > Possession > Shot > Possession > Shot > Possession > Pass,"1358,1359,1360,1361,1362,1363,1364,1365,1366,1367,1368,1369,1370,1371,1372,1373,1374,1375,1376,1377",N10008,786.0,,,N10008,N10010
SQ1896900070,18969,70,1378.0,1379.0,2,Home,Away,o,d,False,291.0,294.0,3.0,SQ18969000070,E18969001378,E18969001379,ZN0001,ZN0002,786.0,Turnover > Possession,"1378,1379",N10008,789.0,,,N10008,N10010
SQ1896900071,18969,71,1380.0,1381.0,2,Away,Away,d,d,False,289.0,289.0,0.0,SQ18969000071,E18969001380,E18969001381,ZN0002,ZN0002,791.0,Stoppage > DeadIce,"1380,1381",N10010,791.0,,,N10008,N10010
SQ1896900072,18969,72,1382.0,1384.0,3,Home,Away,o,d,False,266.0,266.0,0.0,SQ18969000072,E18969001382,E18969001384,ZN0001,ZN0002,814.0,Faceoff > Shot > Save,"1382,1383,1384",N10008,814.0,,,N10008,N10010
SQ1896900073,18969,73,1385.0,1386.0,2,Away,Away,d,d,False,265.0,265.0,0.0,SQ18969000073,E18969001385,E18969001386,ZN0002,ZN0002,815.0,Stoppage > DeadIce,"1385,1386",N10010,815.0,,,N10008,N10010
SQ1896900074,18969,74,1387.0,1397.0,11,Home,Home,o,o,False,237.0,253.0,16.0,SQ18969000074,E18969001387,E18969001397,ZN0001,ZN0001,827.0,Faceoff > Shot > Possession > Shot > Save > Rebound > Possession > Pass > Possession > Pass,"1387,1388,1389,1390,1391,1392,1393,1394,1395,1396,1397",N10008,843.0,,,N10008,N10010
SQ1896900075,18969,75,1398.0,1401.0,4,Away,Away,d,d,False,232.0,237.0,5.0,SQ18969000075,E18969001398,E18969001401,ZN0002,ZN0002,843.0,Turnover > Possession > Zone_Entry_Exit > Pass,"1398,1399,1400,1401",N10010,848.0,,,N10008,N10010
SQ1896900076,18969,76,1402.0,1403.0,2,Away,Home,d,n,False,230.0,232.0,2.0,SQ18969000076,E18969001402,E18969001403,ZN0002,ZN0003,848.0,Turnover > Zone_Entry_Exit,"1402,1403",N10010,850.0,,,N10008,N10010
SQ1896900077,18969,77,1404.0,1407.0,4,Home,Away,n,d,False,226.0,230.0,4.0,SQ18969000077,E18969001404,E18969001407,ZN0003,ZN0002,850.0,Turnover > Possession > Pass > Zone_Entry_Exit,"1404,1405,1406,1407",N10008,854.0,,,N10008,N10010
SQ1896900078,18969,78,1408.0,1411.0,4,Away,Home,d,o,False,218.0,226.0,8.0,SQ18969000078,E18969001408,E18969001411,ZN0002,ZN0001,854.0,Turnover > Zone_Entry_Exit > Possession > Pass,"1408,1409,1410,1411",N10010,862.0,,,N10008,N10010
SQ1896900079,18969,79,1412.0,1424.0,13,Home,Away,d,o,True,203.0,218.0,15.0,SQ18969000079,E18969001412,E18969001424,ZN0002,ZN0001,862.0,Turnover > Possession > Pass > Pass > Zone_Entry_Exit > Possession > Pass > Possession > Zone_Entry_Exit > Pass > Possession > Shot > Goal,"1412,1413,1414,1415,1416,1417,1418,1419,1420,1421,1422,1423,1424",N10008,877.0,,,N10008,N10010
SQ1896900080,18969,80,1425.0,1426.0,2,Away,Away,o,o,False,203.0,203.0,0.0,SQ18969000080,E18969001425,E18969001426,ZN0001,ZN0001,877.0,Stoppage > DeadIce,"1425,1426",N10010,877.0,,,N10008,N10010
SQ1896900081,18969,81,1427.0,1432.0,6,Home,Away,n,d,False,170.0,177.0,7.0,SQ18969000081,E18969001427,E18969001432,ZN0003,ZN0002,903.0,Faceoff > Possession > Pass > Zone_Entry_Exit > Shot > Save,"1427,1428,1429,1430,1431,1432",N10008,910.0,,,N10008,N10010
SQ1896900082,18969,82,1433.0,1434.0,2,Away,Away,d,d,False,170.0,170.0,0.0,SQ18969000082,E18969001433,E18969001434,ZN0002,ZN0002,910.0,Stoppage > DeadIce,"1433,1434",N10010,910.0,,,N10008,N10010
SQ1896900083,18969,83,1435.0,1436.0,2,Away,Away,d,d,False,148.0,150.0,2.0,SQ18969000083,E18969001435,E18969001436,ZN0002,ZN0002,930.0,Faceoff > Possession,"1435,1436",N10010,932.0,,,N10008,N10010
SQ1896900084,18969,84,1437.0,1438.0,2,Away,Away,d,d,False,140.0,140.0,0.0,SQ18969000084,E18969001437,E18969001438,ZN0002,ZN0002,940.0,Stoppage > DeadIce,"1437,1438",N10010,940.0,,,N10008,N10010
SQ1896900085,18969,85,1439.0,1445.0,7,Home,Away,d,d,False,109.0,119.0,10.0,SQ18969000085,E18969001439,E18969001445,ZN0002,ZN0002,961.0,Faceoff > LoosePuck > Possession > Shot > Save > Rebound > Possession,"1439,1440,1441,1442,1443,1444,1445",N10008,971.0,,,N10008,N10010
SQ1896900086,18969,86,1446.0,1453.0,8,Away,Away,d,d,False,104.0,109.0,5.0,SQ18969000086,E18969001446,E18969001453,ZN0002,ZN0002,971.0,Turnover > Zone_Entry_Exit > Possession > Pass > Pass > Pass > Shot > Save,"1446,1447,1448,1449,1450,1451,1452,1453",N10010,976.0,,,N10008,N10010
SQ1896900087,18969,87,1454.0,1455.0,2,Away,Away,d,d,False,104.0,104.0,0.0,SQ18969000087,E18969001454,E18969001455,ZN0002,ZN0002,976.0,Stoppage > DeadIce,"1454,1455",N10010,976.0,,,N10008,N10010
SQ1896900088,18969,88,1456.0,1465.0,10,Away,Away,d,o,False,65.0,84.0,19.0,SQ18969000088,E18969001456,E18969001465,ZN0002,ZN0001,996.0,Faceoff > Pass > Possession > Pass > Zone_Entry_Exit > Possession > Pass > Possession > Zone_Entry_Exit > Shot,"1456,1457,1458,1459,1460,1461,1462,1463,1464,1465",N10010,1015.0,,,N10008,N10010
SQ1896900089,18969,89,1466.0,1467.0,2,Away,Away,o,o,False,62.0,62.0,0.0,SQ18969000089,E18969001466,E18969001467,ZN0001,ZN0001,1018.0,Stoppage > DeadIce,"1466,1467",N10010,1018.0,,,N10008,N10010
SQ1896900090,18969,90,1468.0,1474.0,7,Away,Home,o,o,False,29.0,42.0,13.0,SQ18969000090,E18969001468,E18969001474,ZN0001,ZN0001,1038.0,Faceoff > Possession > Play > Possession > Zone_Entry_Exit > Pass > Zone_Entry_Exit,"1468,1469,1470,1471,1472,1473,1474",N10010,1051.0,,,N10008,N10010
SQ1896900091,18969,91,1475.0,1479.0,5,Home,Away,d,d,False,24.0,29.0,5.0,SQ18969000091,E18969001475,E18969001479,ZN0002,ZN0002,1051.0,Turnover > Possession > Pass > Zone_Entry_Exit > Zone_Entry_Exit,"1475,1476,1477,1478,1479",N10008,1056.0,,,N10008,N10010
SQ1896900092,18969,92,1480.0,1483.0,4,Away,Home,d,d,False,18.0,24.0,6.0,SQ18969000092,E18969001480,E18969001483,ZN0002,ZN0002,1056.0,Turnover > Possession > Pass > Zone_Entry_Exit,"1480,1481,1482,1483",N10010,1062.0,,,N10008,N10010
SQ1896900093,18969,93,1484.0,1488.0,5,Home,Away,d,o,False,12.0,18.0,6.0,SQ18969000093,E18969001484,E18969001488,ZN0002,ZN0001,1062.0,Turnover > Possession > Pass > Zone_Entry_Exit > Pass,"1484,1485,1486,1487,1488",N10008,1068.0,,,N10008,N10010
SQ1896900094,18969,94,1489.0,1492.0,4,Away,Home,o,n,False,8.0,12.0,4.0,SQ18969000094,E18969001489,E18969001492,ZN0001,ZN0003,1068.0,Turnover > Possession > Zone_Entry_Exit > Possession,"1489,1490,1491,1492",N10010,1072.0,,,N10008,N10010
SQ1896900095,18969,95,1493.0,1495.0,3,Away,Away,n,n,False,3.0,6.0,3.0,SQ18969000095,E18969001493,E18969001495,ZN0003,ZN0003,1074.0,Turnover > Possession > Possession,"1493,1494,1495",N10010,1077.0,,,N10008,N10010
SQ1896900096,18969,96,1496.0,1496.0,1,Away,Away,,,False,0.0,0.0,0.0,SQ18969000096,E18969001496,E18969001496,,,1080.0,Stoppage,1496,N10010,1080.0,,,N10008,N10010
SQ1896900097,18969,97,1497.0,1497.0,1,Away,Away,,,False,3339.0,3267.0,-72.0,SQ18969000097,E18969001497,E18969001497,,,1080.0,Intermission,1497,N10010,1080.0,,,N10008,N10010
SQ1896900098,18969,98,1498.0,1510.0,13,Away,Away,n,o,False,1063.0,1080.0,17.0,SQ18969000098,E18969001498,E18969001510,ZN0003,ZN0001,1152.0,Faceoff > Zone_Entry_Exit > Possession > Pass > Possession > Pass > Pass > Zone_Entry_Exit > Possession > Zone_Entry_Exit > Pass > Possession > Pass,"1498,1499,1500,1501,1502,1503,1504,1505,1506,1507,1508,1509,1510",N10010,1169.0,,,N10008,N10010
SQ1896900099,18969,99,1511.0,1526.0,16,Away,Away,o,o,False,1035.0,1063.0,28.0,SQ18969000099,E18969001511,E18969001526,ZN0001,ZN0001,1169.0,Turnover > Possession > Zone_Entry_Exit > Possession > Zone_Entry_Exit > Shot > Zone_Entry_Exit > Possession > Shot > Save > Rebound > Possession > Pass > Zone_Entry_Exit > Possession > Zone_Entry_Exit,"1511,1512,1513,1514,1515,1516,1517,1518,1519,1520,1521,1522,1523,1524,1525,1526",N10010,1197.0,,,N10008,N10010
SQ1896900100,18969,100,1527.0,1532.0,6,Home,Home,d,o,False,1021.0,1031.0,10.0,SQ18969000100,E18969001527,E18969001532,ZN0002,ZN0001,1201.0,Turnover > Possession > Zone_Entry_Exit > Possession > Zone_Entry_Exit > Pass,"1527,1528,1529,1530,1531,1532",N10008,1211.0,,,N10008,N10010
SQ1896900101,18969,101,1533.0,1541.0,9,Home,Away,o,o,False,1004.0,1018.0,14.0,SQ18969000101,E18969001533,E18969001541,ZN0001,ZN0001,1211.0,Turnover > Possession > Zone_Entry_Exit > Possession > Zone_Entry_Exit > Possession > Pass > Shot > Possession,"1533,1534,1535,1536,1537,1538,1539,1540,1541",N10008,1228.0,,,N10008,N10010
SQ1896900102,18969,102,1542.0,1545.0,4,Away,Home,o,d,False,1001.0,1004.0,3.0,SQ18969000102,E18969001542,E18969001545,ZN0001,ZN0002,1228.0,Turnover > Possession > Pass > Pass,"1542,1543,1544,1545",N10010,1231.0,,,N10008,N10010
SQ1896900103,18969,103,1546.0,1549.0,4,Home,Home,d,d,False,996.0,1001.0,5.0,SQ18969000103,E18969001546,E18969001549,ZN0002,ZN0002,1231.0,Turnover > Zone_Entry_Exit > Shot > Save,"1546,1547,1548,1549",N10008,1236.0,,,N10008,N10010
SQ1896900104,18969,104,1550.0,1551.0,2,Home,Home,d,d,False,994.0,994.0,0.0,SQ18969000104,E18969001550,E18969001551,ZN0002,ZN0002,1238.0,Stoppage > DeadIce,"1550,1551",N10008,1238.0,,,N10008,N10010
SQ1896900105,18969,105,1552.0,1553.0,2,Away,Away,o,o,False,972.0,974.0,2.0,SQ18969000105,E18969001552,E18969001553,ZN0001,ZN0001,1258.0,Faceoff > Pass,"1552,1553",N10010,1260.0,,,N10008,N10010
SQ1896900106,18969,106,1554.0,1557.0,4,Away,Home,o,o,False,967.0,972.0,5.0,SQ18969000106,E18969001554,E18969001557,ZN0001,ZN0001,1260.0,Turnover > Zone_Entry_Exit > Possession > Zone_Entry_Exit,"1554,1555,1556,1557",N10010,1265.0,,,N10008,N10010
SQ1896900107,18969,107,1558.0,1568.0,11,Home,Away,o,o,False,949.0,964.0,15.0,SQ18969000107,E18969001558,E18969001568,ZN0001,ZN0001,1268.0,Turnover > Possession > Zone_Entry_Exit > Possession > Pass > Play > Zone_Entry_Exit > Possession > Pass > Zone_Entry_Exit > Shot,"1558,1559,1560,1561,1562,1563,1564,1565,1566,1567,1568",N10008,1283.0,,,N10008,N10010
SQ1896900108,18969,108,1569.0,1570.0,2,Away,Home,o,d,False,945.0,949.0,4.0,SQ18969000108,E18969001569,E18969001570,ZN0001,ZN0002,1283.0,Turnover > Possession,"1569,1570",N10010,1287.0,,,N10008,N10010
SQ1896900109,18969,109,1571.0,1611.0,41,Home,Home,d,o,False,889.0,943.0,54.0,SQ18969000109,E18969001571,E18969001611,ZN0002,ZN0001,1289.0,Turnover > Possession > Pass > Possession > Shot > Save > Rebound > Possession > Pass > Zone_Entry_Exit > Possession > Zone_Entry_Exit > Shot > Save > Rebound > Possession > Pass > Possession > Pass > Zone_Entry_Exit > Pass > Shot > Save > Rebound > Possession > Zone_Entry_Exit > Pass > Possession > Zone_Entry_Exit > Pass > Possession > Pass > Possession > Pass > Possession > Shot > Save > Rebound > Possession > Pass > Possession,"1571,1572,1573,1574,1575,1576,1577,1578,1579,1580,1581,1582,1583,1584,1585,1586,1587,1588,1589,1590,1591,1592,1593,1594,1595,1596,1597,1598,1599,1600,1601,1602,1603,1604,1605,1606,1607,1608,1609,1610,1611",N10008,1343.0,,,N10008,N10010
SQ1896900110,18969,110,1612.0,1617.0,6,Away,Away,d,o,False,878.0,887.0,9.0,SQ18969000110,E18969001612,E18969001617,ZN0002,ZN0001,1345.0,Turnover > Possession > Zone_Entry_Exit > Possession > Zone_Entry_Exit > Shot,"1612,1613,1614,1615,1616,1617",N10010,1354.0,,,N10008,N10010
SQ1896900111,18969,111,1618.0,1619.0,2,Away,Away,o,o,False,878.0,878.0,0.0,SQ18969000111,E18969001618,E18969001619,ZN0001,ZN0001,1354.0,Stoppage > DeadIce,"1618,1619",N10010,1354.0,,,N10008,N10010
SQ1896900112,18969,112,1620.0,1626.0,7,Home,Home,d,o,False,844.0,855.0,11.0,SQ18969000112,E18969001620,E18969001626,ZN0002,ZN0001,1377.0,Faceoff > Possession > Zone_Entry_Exit > Zone_Entry_Exit > Possession > Zone_Entry_Exit > Pass,"1620,1621,1622,1623,1624,1625,1626",N10008,1388.0,,,N10008,N10010
SQ1896900113,18969,113,1627.0,1628.0,2,Away,Away,d,d,False,842.0,842.0,0.0,SQ18969000113,E18969001627,E18969001628,ZN0002,ZN0002,1390.0,Stoppage > DeadIce,"1627,1628",N10010,1390.0,,,N10008,N10010
SQ1896900114,18969,114,1629.0,1631.0,3,Home,Home,o,o,False,823.0,826.0,3.0,SQ18969000114,E18969001629,E18969001631,ZN0001,ZN0001,1406.0,Faceoff > Possession > Pass,"1629,1630,1631",N10008,1409.0,,,N10008,N10010
SQ1896900115,18969,115,1632.0,1633.0,2,Home,Away,o,d,False,820.0,823.0,3.0,SQ18969000115,E18969001632,E18969001633,ZN0001,ZN0002,1409.0,Turnover > Possession,"1632,1633",N10008,1412.0,,,N10008,N10010
SQ1896900116,18969,116,1634.0,1642.0,9,Away,Away,d,d,False,812.0,820.0,8.0,SQ18969000116,E18969001634,E18969001642,ZN0002,ZN0002,1412.0,Turnover > Possession > Pass > Possession > Shot > Save > Rebound > Possession > Zone_Entry_Exit,"1634,1635,1636,1637,1638,1639,1640,1641,1642",N10010,1420.0,,,N10008,N10010
SQ1896900117,18969,117,1643.0,1647.0,5,Away,Home,d,n,False,801.0,812.0,11.0,SQ18969000117,E18969001643,E18969001647,ZN0002,ZN0003,1420.0,Turnover > Possession > Possession > Possession > Pass,"1643,1644,1645,1646,1647",N10010,1431.0,,,N10008,N10010
SQ1896900118,18969,118,1648.0,1655.0,8,Home,Away,n,o,False,790.0,801.0,11.0,SQ18969000118,E18969001648,E18969001655,ZN0003,ZN0001,1431.0,Turnover > Possession > Zone_Entry_Exit > Shot > Save > Rebound > Possession > Shot,"1648,1649,1650,1651,1652,1653,1654,1655",N10008,1442.0,,,N10008,N10010
SQ1896900119,18969,119,1656.0,1662.0,7,Away,Away,o,n,False,776.0,790.0,14.0,SQ18969000119,E18969001656,E18969001662,ZN0001,ZN0003,1442.0,Turnover > Zone_Entry_Exit > Possession > Zone_Entry_Exit > Possession > Pass > Possession,"1656,1657,1658,1659,1660,1661,1662",N10010,1456.0,,,N10008,N10010
SQ1896900120,18969,120,1663.0,1664.0,2,Away,Away,n,n,False,772.0,772.0,0.0,SQ18969000120,E18969001663,E18969001664,ZN0003,ZN0003,1460.0,Stoppage > DeadIce,"1663,1664",N10010,1460.0,,,N10008,N10010
SQ1896900121,18969,121,1665.0,1678.0,14,Home,Away,o,d,False,741.0,752.0,11.0,SQ18969000121,E18969001665,E18969001678,ZN0001,ZN0002,1480.0,Faceoff > Possession > Shot > Save > Rebound > Possession > Pass > Pass > Shot > Save > Rebound > Possession > Shot > Save,"1665,1666,1667,1668,1669,1670,1671,1672,1673,1674,1675,1676,1677,1678",N10008,1491.0,,,N10008,N10010
SQ1896900122,18969,122,1679.0,1680.0,2,Away,Away,d,d,False,741.0,741.0,0.0,SQ18969000122,E18969001679,E18969001680,ZN0002,ZN0002,1491.0,Stoppage > DeadIce,"1679,1680",N10010,1491.0,,,N10008,N10010
SQ1896900123,18969,123,1681.0,1683.0,3,Away,Away,d,d,False,711.0,717.0,6.0,SQ18969000123,E18969001681,E18969001683,ZN0002,ZN0002,1515.0,Faceoff > Possession > Pass,"1681,1682,1683",N10010,1521.0,,,N10008,N10010
SQ1896900124,18969,124,1684.0,1699.0,16,Away,Away,d,d,False,681.0,711.0,30.0,SQ18969000124,E18969001684,E18969001699,ZN0002,ZN0002,1521.0,Turnover > Zone_Entry_Exit > Possession > Pass > Possession > Pass > Possession > Pass > Possession > Shot > Save > Rebound > Possession > Possession > Play > Possession,"1684,1685,1686,1687,1688,1689,1690,1691,1692,1693,1694,1695,1696,1697,1698,1699",N10010,1551.0,,,N10008,N10010
SQ1896900125,18969,125,1700.0,1702.0,3,Away,Home,d,o,False,678.0,680.0,2.0,SQ18969000125,E18969001700,E18969001702,ZN0002,ZN0001,1552.0,Turnover > Zone_Entry_Exit > Possession,"1700,1701,1702",N10010,1554.0,,,N10008,N10010
SQ1896900126,18969,126,1703.0,1706.0,4,Away,Away,d,d,False,676.0,678.0,2.0,SQ18969000126,E18969001703,E18969001706,ZN0002,ZN0002,1554.0,Turnover > Possession > Zone_Entry_Exit > Zone_Entry_Exit,"1703,1704,1705,1706",N10010,1556.0,,,N10008,N10010
SQ1896900127,18969,127,1707.0,1710.0,4,Away,Home,d,d,False,666.0,676.0,10.0,SQ18969000127,E18969001707,E18969001710,ZN0002,ZN0002,1556.0,Turnover > Possession > Pass > Zone_Entry_Exit,"1707,1708,1709,1710",N10010,1566.0,,,N10008,N10010
SQ1896900128,18969,128,1711.0,1713.0,3,Home,Away,d,o,False,663.0,666.0,3.0,SQ18969000128,E18969001711,E18969001713,ZN0002,ZN0001,1566.0,Turnover > Possession > Zone_Entry_Exit,"1711,1712,1713",N10008,1569.0,,,N10008,N10010
SQ1896900129,18969,129,1714.0,1717.0,4,Home,Home,d,d,False,659.0,662.0,3.0,SQ18969000129,E18969001714,E18969001717,ZN0002,ZN0002,1570.0,Turnover > Possession > Pass > Zone_Entry_Exit,"1714,1715,1716,1717",N10008,1573.0,,,N10008,N10010
SQ1896900130,18969,130,1718.0,1730.0,13,Home,Away,d,n,False,633.0,659.0,26.0,SQ18969000130,E18969001718,E18969001730,ZN0002,ZN0003,1573.0,Turnover > Zone_Entry_Exit > Possession > Zone_Entry_Exit > Play > Possession > Shot > Possession > Pass > Zone_Entry_Exit > Possession > Pass > Zone_Entry_Exit,"1718,1719,1720,1721,1722,1723,1724,1725,1726,1727,1728,1729,1730",N10008,1599.0,,,N10008,N10010
SQ1896900131,18969,131,1731.0,1744.0,14,Away,Home,n,o,False,610.0,633.0,23.0,SQ18969000131,E18969001731,E18969001744,ZN0003,ZN0001,1599.0,Turnover > Possession > Pass > Possession > Pass > Zone_Entry_Exit > Possession > Zone_Entry_Exit > Pass > Possession > Shot > Possession > Pass > Shot,"1731,1732,1733,1734,1735,1736,1737,1738,1739,1740,1741,1742,1743,1744",N10010,1622.0,,,N10008,N10010
SQ1896900132,18969,132,1745.0,1764.0,20,Home,Away,o,d,False,583.0,610.0,27.0,SQ18969000132,E18969001745,E18969001764,ZN0001,ZN0002,1622.0,Turnover > Zone_Entry_Exit > Possession > Zone_Entry_Exit > Shot > Save > Rebound > Possession > Pass > Possession > Shot > Possession > Pass > Possession > Shot > Save > Rebound > Possession > Zone_Entry_Exit > Zone_Entry_Exit,"1745,1746,1747,1748,1749,1750,1751,1752,1753,1754,1755,1756,1757,1758,1759,1760,1761,1762,1763,1764",N10008,1649.0,,,N10008,N10010
SQ1896900133,18969,133,1765.0,1776.0,12,Away,Away,d,o,False,563.0,583.0,20.0,SQ18969000133,E18969001765,E18969001776,ZN0002,ZN0001,1649.0,Turnover > Possession > Pass > Pass > Zone_Entry_Exit > Possession > Zone_Entry_Exit > Play > Possession > Pass > Possession > Pass,"1765,1766,1767,1768,1769,1770,1771,1772,1773,1774,1775,1776",N10010,1669.0,,,N10008,N10010
SQ1896900134,18969,134,1777.0,1780.0,4,Away,Away,o,n,False,557.0,563.0,6.0,SQ18969000134,E18969001777,E18969001780,ZN0001,ZN0003,1669.0,Turnover > Zone_Entry_Exit > Possession > Zone_Entry_Exit,"1777,1778,1779,1780",N10010,1675.0,,,N10008,N10010
SQ1896900135,18969,135,1781.0,1783.0,3,Away,Home,n,d,False,550.0,557.0,7.0,SQ18969000135,E18969001781,E18969001783,ZN0003,ZN0002,1675.0,Turnover > Possession > Pass,"1781,1782,1783",N10010,1682.0,,,N10008,N10010
SQ1896900136,18969,136,1784.0,1786.0,3,Home,Away,d,o,False,547.0,550.0,3.0,SQ18969000136,E18969001784,E18969001786,ZN0002,ZN0001,1682.0,Turnover > Zone_Entry_Exit > Zone_Entry_Exit,"1784,1785,1786",N10008,1685.0,,,N10008,N10010
SQ1896900137,18969,137,1787.0,1789.0,3,Home,Away,d,o,False,543.0,545.0,2.0,SQ18969000137,E18969001787,E18969001789,ZN0002,ZN0001,1687.0,Turnover > Zone_Entry_Exit > Pass,"1787,1788,1789",N10008,1689.0,,,N10008,N10010
SQ1896900138,18969,138,1790.0,1800.0,11,Away,Home,o,o,False,529.0,543.0,14.0,SQ18969000138,E18969001790,E18969001800,ZN0001,ZN0001,1689.0,Turnover > Possession > Pass > Zone_Entry_Exit > Zone_Entry_Exit > Pass > Possession > Play > Possession > Pass > Possession,"1790,1791,1792,1793,1794,1795,1796,1797,1798,1799,1800",N10010,1703.0,,,N10008,N10010
SQ1896900139,18969,139,1801.0,1805.0,5,Home,Away,o,d,False,522.0,529.0,7.0,SQ18969000139,E18969001801,E18969001805,ZN0001,ZN0002,1703.0,Turnover > Possession > Pass > Possession > Pass,"1801,1802,1803,1804,1805",N10008,1710.0,,,N10008,N10010
SQ1896900140,18969,140,1806.0,1810.0,5,Away,Home,d,n,False,518.0,522.0,4.0,SQ18969000140,E18969001806,E18969001810,ZN0002,ZN0003,1710.0,Turnover > Zone_Entry_Exit > Possession > Pass > Possession,"1806,1807,1808,1809,1810",N10010,1714.0,,,N10008,N10010
SQ1896900141,18969,141,1811.0,1813.0,3,Away,Away,n,n,False,514.0,515.0,1.0,SQ18969000141,E18969001811,E18969001813,ZN0003,ZN0003,1717.0,Turnover > Possession > Pass,"1811,1812,1813",N10010,1718.0,,,N10008,N10010
SQ1896900142,18969,142,1814.0,1819.0,6,Away,Home,n,o,False,505.0,514.0,9.0,SQ18969000142,E18969001814,E18969001819,ZN0003,ZN0001,1718.0,Turnover > Possession > Zone_Entry_Exit > Play > Possession > Pass,"1814,1815,1816,1817,1818,1819",N10010,1727.0,,,N10008,N10010
SQ1896900143,18969,143,1820.0,1831.0,12,Home,Home,o,n,False,490.0,505.0,15.0,SQ18969000143,E18969001820,E18969001831,ZN0001,ZN0003,1727.0,Turnover > Possession > Zone_Entry_Exit > Possession > Zone_Entry_Exit > Shot > Save > Rebound > Possession > Pass > Zone_Entry_Exit > Pass,"1820,1821,1822,1823,1824,1825,1826,1827,1828,1829,1830,1831",N10008,1742.0,,,N10008,N10010
SQ1896900144,18969,144,1832.0,1836.0,5,Home,Away,n,n,False,482.0,490.0,8.0,SQ18969000144,E18969001832,E18969001836,ZN0003,ZN0003,1742.0,Turnover > Possession > Pass > Possession > Zone_Entry_Exit,"1832,1833,1834,1835,1836",N10008,1750.0,,,N10008,N10010
SQ1896900145,18969,145,1837.0,1842.0,6,Home,Home,n,o,False,472.0,482.0,10.0,SQ18969000145,E18969001837,E18969001842,ZN0003,ZN0001,1750.0,Turnover > Possession > Zone_Entry_Exit > Pass > Possession > Pass,"1837,1838,1839,1840,1841,1842",N10008,1760.0,,,N10008,N10010
SQ1896900146,18969,146,1843.0,1848.0,6,Home,Home,o,n,False,465.0,472.0,7.0,SQ18969000146,E18969001843,E18969001848,ZN0001,ZN0003,1760.0,Turnover > Zone_Entry_Exit > Possession > Pass > Pass > Zone_Entry_Exit,"1843,1844,1845,1846,1847,1848",N10008,1767.0,,,N10008,N10010
SQ1896900147,18969,147,1849.0,1859.0,11,Home,Home,n,d,False,446.0,465.0,19.0,SQ18969000147,E18969001849,E18969001859,ZN0003,ZN0002,1767.0,Turnover > Possession > Pass > Pass > Zone_Entry_Exit > Possession > Zone_Entry_Exit > Pass > Possession > Shot > Save,"1849,1850,1851,1852,1853,1854,1855,1856,1857,1858,1859",N10008,1786.0,,,N10008,N10010
SQ1896900148,18969,148,1860.0,1861.0,2,Home,Home,d,d,False,445.0,445.0,0.0,SQ18969000148,E18969001860,E18969001861,ZN0002,ZN0002,1787.0,Stoppage > DeadIce,"1860,1861",N10008,1787.0,,,N10008,N10010
SQ1896900149,18969,149,1862.0,1865.0,4,Home,Away,d,n,False,411.0,419.0,8.0,SQ18969000149,E18969001862,E18969001865,ZN0002,ZN0003,1813.0,Faceoff > Zone_Entry_Exit > Possession > Pass,"1862,1863,1864,1865",N10008,1821.0,,,N10008,N10010
SQ1896900150,18969,150,1866.0,1876.0,11,Away,Away,n,d,False,384.0,411.0,27.0,SQ18969000150,E18969001866,E18969001876,ZN0003,ZN0002,1821.0,Turnover > Possession > Pass > Possession > Zone_Entry_Exit > Possession > Pass > Shot > LoosePuck > Pass > Zone_Entry_Exit,"1866,1867,1868,1869,1870,1871,1872,1873,1874,1875,1876",N10010,1848.0,,,N10008,N10010
SQ1896900151,18969,151,1877.0,1882.0,6,Away,Home,d,n,False,367.0,384.0,17.0,SQ18969000151,E18969001877,E18969001882,ZN0002,ZN0003,1848.0,Turnover > Possession > Pass > Pass > Possession > Pass,"1877,1878,1879,1880,1881,1882",N10010,1865.0,,,N10008,N10010
SQ1896900152,18969,152,1883.0,1890.0,8,Home,Home,n,d,False,357.0,367.0,10.0,SQ18969000152,E18969001883,E18969001890,ZN0003,ZN0002,1865.0,Turnover > Possession > Pass > Possession > Zone_Entry_Exit > Possession > Shot > Save,"1883,1884,1885,1886,1887,1888,1889,1890",N10008,1875.0,,,N10008,N10010
SQ1896900153,18969,153,1891.0,1892.0,2,Home,Home,d,d,False,357.0,357.0,0.0,SQ18969000153,E18969001891,E18969001892,ZN0002,ZN0002,1875.0,Stoppage > DeadIce,"1891,1892",N10008,1875.0,,,N10008,N10010
SQ1896900154,18969,154,1893.0,1895.0,3,Away,Home,o, d,False,330.0,334.0,4.0,SQ18969000154,E18969001893,E18969001895,ZN0001,ZN0002,1898.0,Faceoff > Possession > Pass,"1893,1894,1895",N10010,1902.0,,,N10008,N10010
SQ1896900155,18969,155,1896.0,1902.0,7,Home,Away, d,o,False,322.0,330.0,8.0,SQ18969000155,E18969001896,E18969001902,ZN0002,ZN0001,1902.0,Turnover > Zone_Entry_Exit > Possession > Pass > Possession > Play > Possession,"1896,1897,1898,1899,1900,1901,1902",N10008,1910.0,,,N10008,N10010
SQ1896900156,18969,156,1903.0,1907.0,5,Away,Home,o,n,False,314.0,322.0,8.0,SQ18969000156,E18969001903,E18969001907,ZN0001,ZN0003,1910.0,Turnover > Possession > Zone_Entry_Exit > Pass > Possession,"1903,1904,1905,1906,1907",N10010,1918.0,,,N10008,N10010
SQ1896900157,18969,157,1908.0,1909.0,2,Away,Away,n,n,False,311.0,312.0,1.0,SQ18969000157,E18969001908,E18969001909,ZN0003,ZN0003,1920.0,Turnover > Possession,"1908,1909",N10010,1921.0,,,N10008,N10010
SQ1896900158,18969,158,1910.0,1918.0,9,Away,Home,n,n,False,295.0,311.0,16.0,SQ18969000158,E18969001910,E18969001918,ZN0003,ZN0003,1921.0,Turnover > Possession > Play > Possession > Zone_Entry_Exit > Pass > Zone_Entry_Exit > Possession > Zone_Entry_Exit,"1910,1911,1912,1913,1914,1915,1916,1917,1918",N10010,1937.0,,,N10008,N10010
SQ1896900159,18969,159,1919.0,1925.0,7,Home,Away,n,o,False,282.0,295.0,13.0,SQ18969000159,E18969001919,E18969001925,ZN0003,ZN0001,1937.0,Turnover > Possession > Pass > Pass > Zone_Entry_Exit > Zone_Entry_Exit > Pass,"1919,1920,1921,1922,1923,1924,1925",N10008,1950.0,,,N10008,N10010
SQ1896900160,18969,160,1926.0,1928.0,3,Away,Home,o,d,False,275.0,282.0,7.0,SQ18969000160,E18969001926,E18969001928,ZN0001,ZN0002,1950.0,Turnover > Possession > Pass,"1926,1927,1928",N10010,1957.0,,,N10008,N10010
SQ1896900161,18969,161,1929.0,1942.0,14,Home,Away,d,d,False,260.0,275.0,15.0,SQ18969000161,E18969001929,E18969001942,ZN0002,ZN0002,1957.0,Turnover > Possession > Shot > Save > Rebound > Possession > Pass > Possession > Zone_Entry_Exit > Zone_Entry_Exit > Possession > Zone_Entry_Exit > Shot > Save,"1929,1930,1931,1932,1933,1934,1935,1936,1937,1938,1939,1940,1941,1942",N10008,1972.0,,,N10008,N10010
SQ1896900162,18969,162,1943.0,1944.0,2,Away,Away,d,d,False,260.0,260.0,0.0,SQ18969000162,E18969001943,E18969001944,ZN0002,ZN0002,1972.0,Stoppage > DeadIce,"1943,1944",N10010,1972.0,,,N10008,N10010
SQ1896900163,18969,163,1945.0,1958.0,14,Home,Home,o,o,False,220.0,237.0,17.0,SQ18969000163,E18969001945,E18969001958,ZN0001,ZN0001,1995.0,Faceoff > Pass > Shot > Possession > Pass > Possession > Shot > Save > Rebound > Possession > Shot > Possession > Pass > Shot,"1945,1946,1947,1948,1949,1950,1951,1952,1953,1954,1955,1956,1957,1958",N10008,2012.0,,,N10008,N10010
SQ1896900164,18969,164,1959.0,1960.0,2,Home,Away,o,d,False,217.0,220.0,3.0,SQ18969000164,E18969001959,E18969001960,ZN0001,ZN0002,2012.0,Turnover > Possession,"1959,1960",N10008,2015.0,,,N10008,N10010
SQ1896900165,18969,165,1961.0,1976.0,16,Away,Home,d,o,True,194.0,215.0,21.0,SQ18969000165,E18969001961,E18969001976,ZN0002,ZN0001,2017.0,Turnover > Zone_Entry_Exit > Possession > Pass > Zone_Entry_Exit > Possession > Pass > Zone_Entry_Exit > Pass > Possession > Shot > Save > Rebound > Possession > Shot > Goal,"1961,1962,1963,1964,1965,1966,1967,1968,1969,1970,1971,1972,1973,1974,1975,1976",N10010,2038.0,,,N10008,N10010
SQ1896900166,18969,166,1977.0,1978.0,2,Home,Home,o,o,False,194.0,194.0,0.0,SQ18969000166,E18969001977,E18969001978,ZN0001,ZN0001,2038.0,Stoppage > DeadIce,"1977,1978",N10008,2038.0,,,N10008,N10010
SQ1896900167,18969,167,1979.0,1982.0,4,Away,Away,n,n,False,165.0,167.0,2.0,SQ18969000167,E18969001979,E18969001982,ZN0003,ZN0003,2065.0,Faceoff > Possession > Pass > Zone_Entry_Exit,"1979,1980,1981,1982",N10010,2067.0,,,N10008,N10010
SQ1896900168,18969,168,1983.0,1985.0,3,Away,Home,n,d,False,156.0,165.0,9.0,SQ18969000168,E18969001983,E18969001985,ZN0003,ZN0002,2067.0,Turnover > Possession > Zone_Entry_Exit,"1983,1984,1985",N10010,2076.0,,,N10008,N10010
SQ1896900169,18969,169,1986.0,1995.0,10,Home,Away,d,n,False,139.0,156.0,17.0,SQ18969000169,E18969001986,E18969001995,ZN0002,ZN0003,2076.0,Turnover > Possession > Pass > Possession > Pass > Zone_Entry_Exit > Pass > Zone_Entry_Exit > Possession > Zone_Entry_Exit,"1986,1987,1988,1989,1990,1991,1992,1993,1994,1995",N10008,2093.0,,,N10008,N10010
SQ1896900170,18969,170,1996.0,2007.0,12,Away,Away,n,o,False,118.0,139.0,21.0,SQ18969000170,E18969001996,E18969002007,ZN0003,ZN0001,2093.0,Turnover > Possession > Pass > Zone_Entry_Exit > Possession > Pass > Possession > Pass > Possession > Pass > Zone_Entry_Exit > Possession,"1996,1997,1998,1999,2000,2001,2002,2003,2004,2005,2006,2007",N10010,2114.0,,,N10008,N10010
SQ1896900171,18969,171,2008.0,2009.0,2,Home,Home,d,d,False,116.0,117.0,1.0,SQ18969000171,E18969002008,E18969002009,ZN0002,ZN0002,2115.0,Turnover > Possession,"2008,2009",N10008,2116.0,,,N10008,N10010
SQ1896900172,18969,172,2010.0,2018.0,9,Away,Home,o,d,False,95.0,115.0,20.0,SQ18969000172,E18969002010,E18969002018,ZN0001,ZN0002,2117.0,Turnover > Possession > Possession > Possession > Pass > Possession > Pass > Possession > Penalty,"2010,2011,2012,2013,2014,2015,2016,2017,2018",N10010,2137.0,,,N10008,N10010
SQ1896900173,18969,173,2019.0,2020.0,2,Home,Home,d,d,False,95.0,95.0,0.0,SQ18969000173,E18969002019,E18969002020,ZN0002,ZN0002,2137.0,Stoppage > DeadIce,"2019,2020",N10008,2137.0,,,N10008,N10010
SQ1896900174,18969,174,2021.0,2035.0,15,Away,Away,o,n,False,36.0,55.0,19.0,SQ18969000174,E18969002021,E18969002035,ZN0001,ZN0003,2177.0,Faceoff > Possession > Pass > Possession > Pass > Possession > Pass > Possession > Pass > Possession > Shot > Zone_Entry_Exit > Possession > Pass > Zone_Entry_Exit,"2021,2022,2023,2024,2025,2026,2027,2028,2029,2030,2031,2032,2033,2034,2035",N10010,2196.0,,,N10008,N10010
SQ1896900175,18969,175,2036.0,2045.0,10,Away,Away,n,d,False,30.0,36.0,6.0,SQ18969000175,E18969002036,E18969002045,ZN0003,ZN0002,2196.0,Turnover > Possession > Pass > Pass > Zone_Entry_Exit > Zone_Entry_Exit > Possession > Pass > Possession > Pass,"2036,2037,2038,2039,2040,2041,2042,2043,2044,2045",N10010,2202.0,,,N10008,N10010
SQ1896900176,18969,176,2046.0,2047.0,2,Away,Away,d,d,False,25.0,25.0,0.0,SQ18969000176,E18969002046,E18969002047,ZN0002,ZN0002,2207.0,Stoppage > DeadIce,"2046,2047",N10010,2207.0,,,N10008,N10010
SQ1896900177,18969,177,2048.0,2048.0,1,Away,Away,,,False,1.0,0.0,-1.0,SQ18969000177,E18969002048,E18969002048,,,2231.0,Stoppage,2048,N10010,2231.0,,,N10008,N10010
SQ1896900178,18969,178,2049.0,2049.0,1,,,,,False,873.0,819.0,-54.0,SQ18969000178,E18969002049,E18969002049,,,2231.0,Intermission,2049,N10010,2231.0,,,N10008,N10010
SQ1896900179,18969,179,2050.0,2056.0,7,Home,Away,n,o,False,1064.0,1080.0,16.0,SQ18969000179,E18969002050,E18969002056,ZN0003,ZN0001,2296.0,Faceoff > Zone_Entry_Exit > Possession > Pass > Zone_Entry_Exit > Possession > Zone_Entry_Exit,"2050,2051,2052,2053,2054,2055,2056",N10008,2312.0,,,N10008,N10010
SQ1896900180,18969,180,2057.0,2058.0,2,Home,Home,d,d,False,1062.0,1062.0,0.0,SQ18969000180,E18969002057,E18969002058,ZN0002,ZN0002,2314.0,Turnover > Possession,"2057,2058",N10008,2314.0,,,N10008,N10010
SQ1896900181,18969,181,2059.0,2068.0,10,Home,Away,o,o,True,1048.0,1061.0,13.0,SQ18969000181,E18969002059,E18969002068,ZN0001,ZN0001,2315.0,Turnover > Zone_Entry_Exit > Possession > Pass > Possession > Pass > Possession > Pass > Shot > Goal,"2059,2060,2061,2062,2063,2064,2065,2066,2067,2068",N10008,2328.0,,,N10008,N10010
SQ1896900182,18969,182,2069.0,2070.0,2,Away,Away,o,o,False,1048.0,1048.0,0.0,SQ18969000182,E18969002069,E18969002070,ZN0001,ZN0001,2328.0,Stoppage > DeadIce,"2069,2070",N10010,2328.0,,,N10008,N10010
SQ1896900183,18969,183,2071.0,2074.0,4,Home,Home,n,o,False,1017.0,1021.0,4.0,SQ18969000183,E18969002071,E18969002074,ZN0003,ZN0001,2328.0,Faceoff > Possession > Zone_Entry_Exit > Shot,"2071,2072,2073,2074",N10008,2359.0,,,N10008,N10010
SQ1896900184,18969,184,2075.0,2081.0,7,Home,Away,o,n,False,1006.0,1017.0,11.0,SQ18969000184,E18969002075,E18969002081,ZN0001,ZN0003,2359.0,Turnover > Possession > Pass > Possession > Pass > Zone_Entry_Exit > Possession,"2075,2076,2077,2078,2079,2080,2081",N10008,2370.0,,,N10008,N10010
SQ1896900185,18969,185,2082.0,2085.0,4,Home,Home,n,o,False,1002.0,1005.0,3.0,SQ18969000185,E18969002082,E18969002085,ZN0003,ZN0001,2371.0,Turnover > Possession > Zone_Entry_Exit > Shot,"2082,2083,2084,2085",N10008,2374.0,,,N10008,N10010
SQ1896900186,18969,186,2086.0,2087.0,2,Home,Home,o,o,False,1001.0,1001.0,0.0,SQ18969000186,E18969002086,E18969002087,ZN0001,ZN0001,2375.0,Stoppage > DeadIce,"2086,2087",N10008,2375.0,,,N10008,N10010
SQ1896900187,18969,187,2088.0,2091.0,4,Home,Away,o,d,False,975.0,977.0,2.0,SQ18969000187,E18969002088,E18969002091,ZN0001,ZN0002,2399.0,Faceoff > Possession > Shot > Save,"2088,2089,2090,2091",N10008,2401.0,,,N10008,N10010
SQ1896900188,18969,188,2092.0,2093.0,2,Away,Away,d,d,False,973.0,973.0,0.0,SQ18969000188,E18969002092,E18969002093,ZN0002,ZN0002,2403.0,Stoppage > DeadIce,"2092,2093",N10010,2403.0,,,N10008,N10010
SQ1896900189,18969,189,2094.0,2120.0,27,Away,Away,d,o,False,926.0,962.0,36.0,SQ18969000189,E18969002094,E18969002120,ZN0002,ZN0001,2414.0,Faceoff > Zone_Entry_Exit > Zone_Entry_Exit > Possession > Pass > Possession > Pass > Possession > Shot > Save > Rebound > Possession > Pass > Zone_Entry_Exit > Possession > Zone_Entry_Exit > Shot > Save > Rebound > Possession > Pass > Pass > Possession > Shot > Zone_Entry_Exit > Possession > Pass,"2094,2095,2096,2097,2098,2099,2100,2101,2102,2103,2104,2105,2106,2107,2108,2109,2110,2111,2112,2113,2114,2115,2116,2117,2118,2119,2120",N10010,2450.0,,,N10008,N10010
SQ1896900190,18969,190,2121.0,2122.0,2,Away,Home,o,d,False,925.0,926.0,1.0,SQ18969000190,E18969002121,E18969002122,ZN0001,ZN0002,2450.0,Turnover > Possession,"2121,2122",N10010,2451.0,,,N10008,N10010
SQ1896900191,18969,191,2123.0,2125.0,3,Home,Away,o,o,False,920.0,923.0,3.0,SQ18969000191,E18969002123,E18969002125,ZN0001,ZN0001,2453.0,Turnover > Possession > Pass,"2123,2124,2125",N10008,2456.0,,,N10008,N10010
SQ1896900192,18969,192,2126.0,2132.0,7,Away,Home,o,n,False,905.0,920.0,15.0,SQ18969000192,E18969002126,E18969002132,ZN0001,ZN0003,2456.0,Turnover > Possession > Zone_Entry_Exit > Pass > Zone_Entry_Exit > LoosePuck > Possession,"2126,2127,2128,2129,2130,2131,2132",N10010,2471.0,,,N10008,N10010
SQ1896900193,18969,193,2133.0,2141.0,9,Home,Home,n,d,False,886.0,904.0,18.0,SQ18969000193,E18969002133,E18969002141,ZN0003,ZN0002,2472.0,Turnover > Possession > Zone_Entry_Exit > Possession > Shot > Save > Rebound > Possession > Zone_Entry_Exit,"2133,2134,2135,2136,2137,2138,2139,2140,2141",N10008,2481.0,,,N10008,N10010
SQ1896900194,18969,194,2142.0,2145.0,4,Home,Away,d,o,False,885.0,895.0,10.0,SQ18969000194,E18969002142,E18969002145,ZN0002,ZN0001,2481.0,Turnover > Possession > Zone_Entry_Exit > Possession,"2142,2143,2144,2145",N10008,2491.0,,,N10008,N10010
SQ1896900195,18969,195,2146.0,2150.0,5,Home,Home,d,o,False,876.0,884.0,8.0,SQ18969000195,E18969002146,E18969002150,ZN0002,ZN0001,2492.0,Turnover > Zone_Entry_Exit > Possession > Zone_Entry_Exit > Pass,"2146,2147,2148,2149,2150",N10008,2500.0,,,N10008,N10010
SQ1896900196,18969,196,2151.0,2158.0,8,Home,Away,o,o,False,863.0,876.0,13.0,SQ18969000196,E18969002151,E18969002158,ZN0001,ZN0001,2500.0,Turnover > Possession > Zone_Entry_Exit > Possession > Zone_Entry_Exit > Possession > Shot > Possession,"2151,2152,2153,2154,2155,2156,2157,2158",N10008,2513.0,,,N10008,N10010
SQ1896900197,18969,197,2159.0,2175.0,17,Away,Away,o,d,False,836.0,863.0,27.0,SQ18969000197,E18969002159,E18969002175,ZN0001,ZN0002,2513.0,Turnover > Possession > Pass > Possession > Play > Possession > Pass > Zone_Entry_Exit > Zone_Entry_Exit > Pass > Play > Possession > Pass > Possession > Pass > Shot > Save,"2159,2160,2161,2162,2163,2164,2165,2166,2167,2168,2169,2170,2171,2172,2173,2174,2175",N10010,2540.0,,,N10008,N10010
SQ1896900198,18969,198,2176.0,2177.0,2,Away,Away,d,d,False,835.0,835.0,0.0,SQ18969000198,E18969002176,E18969002177,ZN0002,ZN0002,2541.0,Stoppage > DeadIce,"2176,2177",N10010,2541.0,,,N10008,N10010
SQ1896900199,18969,199,2178.0,2181.0,4,Home,Home,o,o,False,810.0,813.0,3.0,SQ18969000199,E18969002178,E18969002181,ZN0001,ZN0001,2563.0,Faceoff > Pass > Possession > Pass,"2178,2179,2180,2181",N10008,2566.0,,,N10008,N10010
SQ1896900200,18969,200,2182.0,2186.0,5,Home,Away,o,o,False,804.0,810.0,6.0,SQ18969000200,E18969002182,E18969002186,ZN0001,ZN0001,2566.0,Turnover > Zone_Entry_Exit > Possession > Zone_Entry_Exit > Possession,"2182,2183,2184,2185,2186",N10008,2572.0,,,N10008,N10010
SQ1896900201,18969,201,2187.0,2195.0,9,Away,Home,o,n,False,794.0,801.0,7.0,SQ18969000201,E18969002187,E18969002195,ZN0001,ZN0003,2575.0,Turnover > Possession > Pass > Possession > Pass > Possession > Zone_Entry_Exit > Possession > Zone_Entry_Exit,"2187,2188,2189,2190,2191,2192,2193,2194,2195",N10010,2582.0,,,N10008,N10010
SQ1896900202,18969,202,2196.0,2207.0,12,Home,Home,n,d,False,773.0,794.0,21.0,SQ18969000202,E18969002196,E18969002207,ZN0003,ZN0002,2582.0,Turnover > Possession > Pass > Pass > Zone_Entry_Exit > Possession > Zone_Entry_Exit > Shot > Possession > Pass > Possession > Pass,"2196,2197,2198,2199,2200,2201,2202,2203,2204,2205,2206,2207",N10008,2603.0,,,N10008,N10010
SQ1896900203,18969,203,2208.0,2211.0,4,Home,Home,d,d,False,770.0,773.0,3.0,SQ18969000203,E18969002208,E18969002211,ZN0002,ZN0002,2603.0,Turnover > Possession > Shot > Save,"2208,2209,2210,2211",N10008,2606.0,,,N10008,N10010
SQ1896900204,18969,204,2212.0,2213.0,2,Home,Home,d,d,False,769.0,769.0,0.0,SQ18969000204,E18969002212,E18969002213,ZN0002,ZN0002,2607.0,Stoppage > DeadIce,"2212,2213",N10008,2607.0,,,N10008,N10010
SQ1896900205,18969,205,2214.0,2219.0,6,Away,Away,o,o,False,736.0,745.0,9.0,SQ18969000205,E18969002214,E18969002219,ZN0001,ZN0001,2631.0,Faceoff > Possession > Pass > Shot > Possession > Pass,"2214,2215,2216,2217,2218,2219",N10010,2640.0,,,N10008,N10010
SQ1896900206,18969,206,2220.0,2226.0,7,Away,Home,o,o,False,725.0,736.0,11.0,SQ18969000206,E18969002220,E18969002226,ZN0001,ZN0001,2640.0,Turnover > Possession > Pass > Zone_Entry_Exit > Play > Possession > Zone_Entry_Exit,"2220,2221,2222,2223,2224,2225,2226",N10010,2651.0,,,N10008,N10010
SQ1896900207,18969,207,2227.0,2228.0,2,Away,Away,d,d,False,723.0,724.0,1.0,SQ18969000207,E18969002227,E18969002228,ZN0002,ZN0002,2652.0,Turnover > Possession,"2227,2228",N10010,2653.0,,,N10008,N10010
SQ1896900208,18969,208,2229.0,2232.0,4,Home,Home,o,o,False,719.0,721.0,2.0,SQ18969000208,E18969002229,E18969002232,ZN0001,ZN0001,2655.0,Turnover > Possession > Pass > Pass,"2229,2230,2231,2232",N10008,2657.0,,,N10008,N10010
SQ1896900209,18969,209,2233.0,2236.0,4,Home,Away,o,d,False,712.0,719.0,7.0,SQ18969000209,E18969002233,E18969002236,ZN0001,ZN0002,2657.0,Turnover > LoosePuck > Possession > Pass,"2233,2234,2235,2236",N10008,2664.0,,,N10008,N10010
SQ1896900210,18969,210,2237.0,2241.0,5,Away,Home,d,o,False,701.0,712.0,11.0,SQ18969000210,E18969002237,E18969002241,ZN0002,ZN0001,2664.0,Turnover > LoosePuck > Pass > Possession > Shot,"2237,2238,2239,2240,2241",N10010,2675.0,,,N10008,N10010
SQ1896900211,18969,211,2242.0,2244.0,3,Home,Home,o,o,False,698.0,701.0,3.0,SQ18969000211,E18969002242,E18969002244,ZN0001,ZN0001,2675.0,Turnover > Possession > Shot,"2242,2243,2244",N10008,2678.0,,,N10008,N10010
SQ1896900212,18969,212,2245.0,2253.0,9,Home,Away,o,o,False,685.0,698.0,13.0,SQ18969000212,E18969002245,E18969002253,ZN0001,ZN0001,2678.0,Turnover > Possession > Pass > Zone_Entry_Exit > Possession > Zone_Entry_Exit > Play > Possession > Shot,"2245,2246,2247,2248,2249,2250,2251,2252,2253",N10008,2691.0,,,N10008,N10010
SQ1896900213,18969,213,2254.0,2263.0,10,Away,Home,o,o,True,676.0,685.0,9.0,SQ18969000213,E18969002254,E18969002263,ZN0001,ZN0001,2691.0,Turnover > Possession > Pass > Possession > Zone_Entry_Exit > Possession > Zone_Entry_Exit > Possession > Shot > Goal,"2254,2255,2256,2257,2258,2259,2260,2261,2262,2263",N10010,2700.0,,,N10008,N10010
SQ1896900214,18969,214,2264.0,2265.0,2,Home,Home,o,o,False,676.0,676.0,0.0,SQ18969000214,E18969002264,E18969002265,ZN0001,ZN0001,2700.0,Stoppage > DeadIce,"2264,2265",N10008,2700.0,,,N10008,N10010
SQ1896900215,18969,215,2266.0,2274.0,9,Home,Away,n,d,False,640.0,651.0,11.0,SQ18969000215,E18969002266,E18969002274,ZN0003,ZN0002,2725.0,Faceoff > Pass > Pass > Pass > Possession > Zone_Entry_Exit > Pass > Shot > Save,"2266,2267,2268,2269,2270,2271,2272,2273,2274",N10008,2736.0,,,N10008,N10010
SQ1896900216,18969,216,2275.0,2276.0,2,Away,Away,d,d,False,639.0,639.0,0.0,SQ18969000216,E18969002275,E18969002276,ZN0002,ZN0002,2737.0,Stoppage > DeadIce,"2275,2276",N10010,2737.0,,,N10008,N10010
SQ1896900217,18969,217,2277.0,2278.0,2,Home,Home,o,o,False,623.0,624.0,1.0,SQ18969000217,E18969002277,E18969002278,ZN0001,ZN0001,2752.0,Faceoff > Pass,"2277,2278",N10008,2753.0,,,N10008,N10010
SQ1896900218,18969,218,2279.0,2288.0,10,Home,Home,o,o,False,605.0,623.0,18.0,SQ18969000218,E18969002279,E18969002288,ZN0001,ZN0001,2753.0,Turnover > Possession > Zone_Entry_Exit > Possession > Pass > Pass > Zone_Entry_Exit > Pass > Possession > Pass,"2279,2280,2281,2282,2283,2284,2285,2286,2287,2288",N10008,2771.0,,,N10008,N10010
SQ1896900219,18969,219,2289.0,2290.0,2,Home,Away,o,d,False,603.0,605.0,2.0,SQ18969000219,E18969002289,E18969002290,ZN0001,ZN0002,2771.0,Turnover > Zone_Entry_Exit,"2289,2290",N10008,2773.0,,,N10008,N10010
SQ1896900220,18969,220,2291.0,2294.0,4,Away,Home,d,n,False,598.0,603.0,5.0,SQ18969000220,E18969002291,E18969002294,ZN0002,ZN0003,2773.0,Turnover > Possession > Pass > Zone_Entry_Exit,"2291,2292,2293,2294",N10010,2778.0,,,N10008,N10010
SQ1896900221,18969,221,2295.0,2296.0,2,Home,Away,n,d,False,592.0,598.0,6.0,SQ18969000221,E18969002295,E18969002296,ZN0003,ZN0002,2778.0,Turnover > Possession,"2295,2296",N10008,2784.0,,,N10008,N10010
SQ1896900222,18969,222,2297.0,2298.0,2,Away,Away,d,d,False,584.0,584.0,0.0,SQ18969000222,E18969002297,E18969002298,ZN0002,ZN0002,2792.0,Stoppage > DeadIce,"2297,2298",N10010,2792.0,,,N10008,N10010
SQ1896900223,18969,223,2299.0,2304.0,6,Home,Away,o,d,False,550.0,559.0,9.0,SQ18969000223,E18969002299,E18969002304,ZN0001,ZN0002,2817.0,Faceoff > Shot > Save > Rebound > Possession > Pass,"2299,2300,2301,2302,2303,2304",N10008,2826.0,,,N10008,N10010
SQ1896900224,18969,224,2305.0,2310.0,6,Away,Away,d,d,False,548.0,550.0,2.0,SQ18969000224,E18969002305,E18969002310,ZN0002,ZN0002,2826.0,Turnover > Possession > Pass > Shot > Save > Rebound,"2305,2306,2307,2308,2309,2310",N10010,2828.0,,,N10008,N10010
SQ1896900225,18969,225,2311.0,2312.0,2,Away,Away,d,d,False,545.0,545.0,0.0,SQ18969000225,E18969002311,E18969002312,ZN0002,ZN0002,2831.0,Stoppage > DeadIce,"2311,2312",N10010,2831.0,,,N10008,N10010
SQ1896900226,18969,226,2313.0,2318.0,6,Away,Away,d,d,False,521.0,530.0,9.0,SQ18969000226,E18969002313,E18969002318,ZN0002,ZN0002,2846.0,Faceoff > Possession > Pass > Possession > Pass > Zone_Entry_Exit,"2313,2314,2315,2316,2317,2318",N10010,2855.0,,,N10008,N10010
SQ1896900227,18969,227,2319.0,2327.0,9,Away,Away,d,d,False,507.0,521.0,14.0,SQ18969000227,E18969002319,E18969002327,ZN0002,ZN0002,2855.0,Turnover > Possession > Zone_Entry_Exit > Play > Possession > Pass > Pass > LoosePuck > Possession,"2319,2320,2321,2322,2323,2324,2325,2326,2327",N10010,2869.0,,,N10008,N10010
SQ1896900228,18969,228,2328.0,2336.0,9,Home,Away,o,o,False,496.0,504.0,8.0,SQ18969000228,E18969002328,E18969002336,ZN0001,ZN0001,2872.0,Turnover > Zone_Entry_Exit > Zone_Entry_Exit > Possession > Pass > Zone_Entry_Exit > Zone_Entry_Exit > Pass > Shot,"2328,2329,2330,2331,2332,2333,2334,2335,2336",N10008,2880.0,,,N10008,N10010
SQ1896900229,18969,229,2337.0,2348.0,12,Away,Away,o,d,False,476.0,496.0,20.0,SQ18969000229,E18969002337,E18969002348,ZN0001,ZN0002,2880.0,Turnover > Possession > Pass > Zone_Entry_Exit > Possession > Zone_Entry_Exit > Shot > Save > Rebound > Possession > Pass > Zone_Entry_Exit,"2337,2338,2339,2340,2341,2342,2343,2344,2345,2346,2347,2348",N10010,2900.0,,,N10008,N10010
SQ1896900230,18969,230,2349.0,2351.0,3,Away,Home,d,n,False,469.0,476.0,7.0,SQ18969000230,E18969002349,E18969002351,ZN0002,ZN0003,2900.0,Turnover > Possession > Zone_Entry_Exit,"2349,2350,2351",N10010,2907.0,,,N10008,N10010
SQ1896900231,18969,231,2352.0,2361.0,10,Home,Away,n,n,False,453.0,469.0,16.0,SQ18969000231,E18969002352,E18969002361,ZN0003,ZN0003,2907.0,Turnover > Possession > Pass > Possession > Pass > Possession > Pass > Zone_Entry_Exit > Possession > Pass,"2352,2353,2354,2355,2356,2357,2358,2359,2360,2361",N10008,2923.0,,,N10008,N10010
SQ1896900232,18969,232,2362.0,2364.0,3,Away,Home,n,n,False,451.0,453.0,2.0,SQ18969000232,E18969002362,E18969002364,ZN0003,ZN0003,2923.0,Turnover > Possession > Zone_Entry_Exit,"2362,2363,2364",N10010,2925.0,,,N10008,N10010
SQ1896900233,18969,233,2365.0,2370.0,6,Home,Home,n,o,False,440.0,451.0,11.0,SQ18969000233,E18969002365,E18969002370,ZN0003,ZN0001,2925.0,Turnover > Possession > LoosePuck > Pass > Possession > Pass,"2365,2366,2367,2368,2369,2370",N10008,2936.0,,,N10008,N10010
SQ1896900234,18969,234,2371.0,2388.0,18,Home,Away,o,o,False,420.0,440.0,20.0,SQ18969000234,E18969002371,E18969002388,ZN0001,ZN0001,2936.0,Turnover > Possession > Zone_Entry_Exit > Possession > Zone_Entry_Exit > Pass > Possession > Pass > Possession > Shot > Save > Rebound > Possession > Pass > LoosePuck > Zone_Entry_Exit > Possession > Shot,"2371,2372,2373,2374,2375,2376,2377,2378,2379,2380,2381,2382,2383,2384,2385,2386,2387,2388",N10008,2956.0,,,N10008,N10010
SQ1896900235,18969,235,2389.0,2394.0,6,Away,Home,o,o,False,412.0,420.0,8.0,SQ18969000235,E18969002389,E18969002394,ZN0001,ZN0001,2956.0,Turnover > Possession > Zone_Entry_Exit > Possession > Zone_Entry_Exit > Possession,"2389,2390,2391,2392,2393,2394",N10010,2964.0,,,N10008,N10010
SQ1896900236,18969,236,2395.0,2396.0,2,Away,Away,d,d,False,410.0,411.0,1.0,SQ18969000236,E18969002395,E18969002396,ZN0002,ZN0002,2965.0,Turnover > Possession,"2395,2396",N10010,2966.0,,,N10008,N10010
SQ1896900237,18969,237,2397.0,2401.0,5,Away,Away,d,d,False,402.0,407.0,5.0,SQ18969000237,E18969002397,E18969002401,ZN0002,ZN0002,2969.0,Turnover > Zone_Entry_Exit > Possession > Shot > Save,"2397,2398,2399,2400,2401",N10010,2974.0,,,N10008,N10010
SQ1896900238,18969,238,2402.0,2403.0,2,Away,Away,d,d,False,401.0,401.0,0.0,SQ18969000238,E18969002402,E18969002403,ZN0002,ZN0002,2975.0,Stoppage > DeadIce,"2402,2403",N10010,2975.0,,,N10008,N10010
SQ1896900239,18969,239,2404.0,2405.0,2,Away,Away,d,d,False,371.0,374.0,3.0,SQ18969000239,E18969002404,E18969002405,ZN0002,ZN0002,3002.0,Faceoff > Pass,"2404,2405",N10010,3005.0,,,N10008,N10010
SQ1896900240,18969,240,2406.0,2420.0,15,Away,Away,d,d,False,350.0,371.0,21.0,SQ18969000240,E18969002406,E18969002420,ZN0002,ZN0002,3005.0,Turnover > Possession > Possession > Possession > Possession > Shot > Zone_Entry_Exit > Possession > Pass > Shot > Save > Rebound > Possession > Pass > Zone_Entry_Exit,"2406,2407,2408,2409,2410,2411,2412,2413,2414,2415,2416,2417,2418,2419,2420",N10010,3026.0,,,N10008,N10010
SQ1896900241,18969,241,2421.0,2429.0,9,Away,Home,d,o,False,330.0,350.0,20.0,SQ18969000241,E18969002421,E18969002429,ZN0002,ZN0001,3026.0,Turnover > Possession > Pass > Possession > Pass > Zone_Entry_Exit > Shot > Possession > Pass,"2421,2422,2423,2424,2425,2426,2427,2428,2429",N10010,3046.0,,,N10008,N10010
SQ1896900242,18969,242,2430.0,2431.0,2,Away,Away,d,d,False,329.0,329.0,0.0,SQ18969000242,E18969002430,E18969002431,ZN0002,ZN0002,3047.0,Stoppage > DeadIce,"2430,2431",N10010,3047.0,,,N10008,N10010
SQ1896900243,18969,243,2432.0,2434.0,3,Away,Away,d,d,False,305.0,310.0,5.0,SQ18969000243,E18969002432,E18969002434,ZN0002,ZN0002,3066.0,Faceoff > Pass > Possession,"2432,2433,2434",N10010,3071.0,,,N10008,N10010
SQ1896900244,18969,244,2435.0,2436.0,2,Home,Home,o,o,False,299.0,299.0,0.0,SQ18969000244,E18969002435,E18969002436,ZN0001,ZN0001,3077.0,Turnover > Possession,"2435,2436",N10008,3077.0,,,N10008,N10010
SQ1896900245,18969,245,2437.0,2439.0,3,Away,Away,d,d,False,295.0,297.0,2.0,SQ18969000245,E18969002437,E18969002439,ZN0002,ZN0002,3079.0,Turnover > Possession > Pass,"2437,2438,2439",N10010,3081.0,,,N10008,N10010
SQ1896900246,18969,246,2440.0,2444.0,5,Away,Home,d,o,False,291.0,295.0,4.0,SQ18969000246,E18969002440,E18969002444,ZN0002,ZN0001,3081.0,Turnover > Possession > Pass > Possession > Shot,"2440,2441,2442,2443,2444",N10010,3085.0,,,N10008,N10010
SQ1896900247,18969,247,2445.0,2446.0,2,Home,Away,o,d,False,289.0,291.0,2.0,SQ18969000247,E18969002445,E18969002446,ZN0001,ZN0002,3085.0,Turnover > Possession,"2445,2446",N10008,3087.0,,,N10008,N10010
SQ1896900248,18969,248,2447.0,2453.0,7,Away,Away,d,d,False,279.0,288.0,9.0,SQ18969000248,E18969002447,E18969002453,ZN0002,ZN0002,3088.0,Turnover > Zone_Entry_Exit > Possession > Pass > Possession > Pass > LoosePuck,"2447,2448,2449,2450,2451,2452,2453",N10010,3097.0,,,N10008,N10010
SQ1896900249,18969,249,2454.0,2460.0,7,Away,Away,d,d,False,273.0,278.0,5.0,SQ18969000249,E18969002454,E18969002460,ZN0002,ZN0002,3098.0,Turnover > Zone_Entry_Exit > Possession > Shot > Possession > Shot > Save,"2454,2455,2456,2457,2458,2459,2460",N10010,3103.0,,,N10008,N10010
SQ1896900250,18969,250,2461.0,2462.0,2,Away,Away,d,d,False,272.0,272.0,0.0,SQ18969000250,E18969002461,E18969002462,ZN0002,ZN0002,3104.0,Stoppage > DeadIce,"2461,2462",N10010,3104.0,,,N10008,N10010
SQ1896900251,18969,251,2463.0,2465.0,3,Home,Away,o,d,False,248.0,248.0,0.0,SQ18969000251,E18969002463,E18969002465,ZN0001,ZN0002,3128.0,Faceoff > Shot > Save,"2463,2464,2465",N10008,3128.0,,,N10008,N10010
SQ1896900252,18969,252,2466.0,2467.0,2,Away,Away,d,d,False,247.0,247.0,0.0,SQ18969000252,E18969002466,E18969002467,ZN0002,ZN0002,3129.0,Stoppage > DeadIce,"2466,2467",N10010,3129.0,,,N10008,N10010
SQ1896900253,18969,253,2468.0,2469.0,2,Home,Home,o,o,False,226.0,226.0,0.0,SQ18969000253,E18969002468,E18969002469,ZN0001,ZN0001,3150.0,Faceoff > Shot,"2468,2469",N10008,3150.0,,,N10008,N10010
SQ1896900254,18969,254,2470.0,2480.0,11,Home,Away,o,o,False,216.0,226.0,10.0,SQ18969000254,E18969002470,E18969002480,ZN0001,ZN0001,3150.0,Turnover > Possession > Zone_Entry_Exit > Play > Possession > Zone_Entry_Exit > Shot > Save > Rebound > Possession > Pass,"2470,2471,2472,2473,2474,2475,2476,2477,2478,2479,2480",N10008,3160.0,,,N10008,N10010
SQ1896900255,18969,255,2481.0,2496.0,16,Away,Home,o,o,True,201.0,216.0,15.0,SQ18969000255,E18969002481,E18969002496,ZN0001,ZN0001,3160.0,Turnover > Zone_Entry_Exit > Possession > Zone_Entry_Exit > Pass > Shot > Possession > Pass > Possession > Pass > Shot > Save > Rebound > Possession > Shot > Goal,"2481,2482,2483,2484,2485,2486,2487,2488,2489,2490,2491,2492,2493,2494,2495,2496",N10010,3175.0,,,N10008,N10010
SQ1896900256,18969,256,2497.0,2498.0,2,Home,Home,o,o,False,200.0,200.0,0.0,SQ18969000256,E18969002497,E18969002498,ZN0001,ZN0001,3176.0,Stoppage > DeadIce,"2497,2498",N10008,3176.0,,,N10008,N10010
SQ1896900257,18969,257,2499.0,2509.0,11,Away,Away,n,o,False,152.0,170.0,18.0,SQ18969000257,E18969002499,E18969002509,ZN0003,ZN0001,3206.0,Faceoff > Possession > Play > Zone_Entry_Exit > Possession > Pass > Zone_Entry_Exit > Shot > Possession > Possession > Pass,"2499,2500,2501,2502,2503,2504,2505,2506,2507,2508,2509",N10010,3224.0,,,N10008,N10010
SQ1896900258,18969,258,2510.0,2511.0,2,Away,Home,o,d,False,149.0,152.0,3.0,SQ18969000258,E18969002510,E18969002511,ZN0001,ZN0002,3224.0,Turnover > Possession,"2510,2511",N10010,3227.0,,,N10008,N10010
SQ1896900259,18969,259,2512.0,2523.0,12,Home,Home,d,n,False,133.0,148.0,15.0,SQ18969000259,E18969002512,E18969002523,ZN0002,ZN0003,3228.0,Turnover > Zone_Entry_Exit > Possession > Shot > Save > Rebound > Possession > Pass > Possession > Pass > Zone_Entry_Exit > Zone_Entry_Exit,"2512,2513,2514,2515,2516,2517,2518,2519,2520,2521,2522,2523",N10008,3243.0,,,N10008,N10010
SQ1896900260,18969,260,2524.0,2526.0,3,Home,Away,n,d,False,127.0,133.0,6.0,SQ18969000260,E18969002524,E18969002526,ZN0003,ZN0002,3243.0,Turnover > Possession > Pass,"2524,2525,2526",N10008,3249.0,,,N10008,N10010
SQ1896900261,18969,261,2527.0,2527.0,1,Home,Home,o,o,False,125.0,125.0,0.0,SQ18969000261,E18969002527,E18969002527,ZN0001,ZN0001,3251.0,Turnover,2527,N10008,3251.0,,,N10008,N10010
SQ1896900262,18969,262,2528.0,2533.0,6,Home,Away,o,o,False,115.0,124.0,9.0,SQ18969000262,E18969002528,E18969002533,ZN0001,ZN0001,3252.0,Turnover > Possession > Pass > Zone_Entry_Exit > Possession > Zone_Entry_Exit,"2528,2529,2530,2531,2532,2533",N10008,3261.0,,,N10008,N10010
SQ1896900263,18969,263,2534.0,2539.0,6,Home,Home,d,o,False,106.0,113.0,7.0,SQ18969000263,E18969002534,E18969002539,ZN0002,ZN0001,3263.0,Turnover > Possession > Zone_Entry_Exit > Possession > Zone_Entry_Exit > Possession,"2534,2535,2536,2537,2538,2539",N10008,3270.0,,,N10008,N10010
SQ1896900264,18969,264,2540.0,2553.0,14,Home,Home,o,d,False,86.0,104.0,18.0,SQ18969000264,E18969002540,E18969002553,ZN0001,ZN0002,3272.0,Turnover > Possession > Pass > Zone_Entry_Exit > Possession > Zone_Entry_Exit > Shot > Save > Rebound > Possession > Pass > Possession > Shot > Save,"2540,2541,2542,2543,2544,2545,2546,2547,2548,2549,2550,2551,2552,2553",N10008,3290.0,,,N10008,N10010
SQ1896900265,18969,265,2554.0,2556.0,3,Home,Home,d,d,False,84.0,1878.0,1794.0,SQ18969000265,E18969002554,E18969002556,ZN0002,ZN0002,3292.0,Stoppage > DeadIce > Timeout,"2554,2555,2556",N10008,1498.0,,,N10008,N10010
SQ1896900266,18969,266,2557.0,2566.0,10,Away,Away,o,o,False,69.0,82.0,13.0,SQ18969000266,E18969002557,E18969002566,ZN0001,ZN0001,3362.0,Faceoff > Pass > Possession > Play > Possession > Pass > Possession > Pass > Possession > Shot,"2557,2558,2559,2560,2561,2562,2563,2564,2565,2566",N10010,3375.0,,,N10008,N10010
SQ1896900267,18969,267,2567.0,2568.0,2,Away,Away,o,o,False,66.0,66.0,0.0,SQ18969000267,E18969002567,E18969002568,ZN0001,ZN0001,3378.0,Stoppage > DeadIce,"2567,2568",N10010,3378.0,,,N10008,N10010
SQ1896900268,18969,268,2569.0,2576.0,8,Away,Home,o,d,False,41.0,50.0,9.0,SQ18969000268,E18969002569,E18969002576,ZN0001,ZN0002,3394.0,Faceoff > LoosePuck > Pass > Possession > Pass > Possession > Shot > Save,"2569,2570,2571,2572,2573,2574,2575,2576",N10010,3403.0,,,N10008,N10010
SQ1896900269,18969,269,2577.0,2578.0,2,Home,Home,d,d,False,41.0,41.0,0.0,SQ18969000269,E18969002577,E18969002578,ZN0002,ZN0002,3403.0,Stoppage > DeadIce,"2577,2578",N10008,3403.0,,,N10008,N10010
SQ1896900270,18969,270,2579.0,2586.0,8,Home,Away,d,n,False,19.0,31.0,12.0,SQ18969000270,E18969002579,E18969002586,ZN0002,ZN0003,3413.0,Faceoff > Zone_Entry_Exit > Zone_Entry_Exit > Possession > Possession > Zone_Entry_Exit > Pass > Zone_Entry_Exit,"2579,2580,2581,2582,2583,2584,2585,2586",N10008,3425.0,,,N10008,N10010
SQ1896900271,18969,271,2587.0,2591.0,5,Away,Home,n,d,False,10.0,19.0,9.0,SQ18969000271,E18969002587,E18969002591,ZN0003,ZN0002,3425.0,Turnover > Possession > LoosePuck > Pass > Possession,"2587,2588,2589,2590,2591",N10010,3434.0,,,N10008,N10010
SQ1896900272,18969,272,2592.0,2593.0,2,Away,Away,,,False,0.0,0.0,0.0,SQ18969000272,E18969002592,E18969002593,,,3444.0,Stoppage,"2592,2593",N10010,,,,N10008,N10010
SQ1897700002,18977,2,1000.0,1000.0,1,,,,,False,,,,SQ18977000002,E18977001000,E18977001000,,,0.0,GameStart,1000,N10003,0.0,,,N10010,N10003
SQ1897700003,18977,3,1001.0,1005.0,5,Away,Away,n,n,False,1070.0,1080.0,10.0,SQ18977000003,E18977001001,E18977001005,ZN0003,ZN0003,0.0,Faceoff > Pass > Pass > Possession > Pass,"1001,1002,1003,1004,1005",N10003,10.0,,,N10010,N10003
SQ1897700004,18977,4,1006.0,1006.0,1,Away,Away,,,False,1067.0,1067.0,0.0,SQ18977000004,E18977001006,E18977001006,,,13.0,Turnover,1006,N10003,13.0,,,N10010,N10003
SQ1897700005,18977,5,1007.0,1008.0,2,Home,Home,,,False,1065.0,1065.0,0.0,SQ18977000005,E18977001007,E18977001008,,,15.0,Stoppage > DeadIce,"1007,1008",N10010,15.0,,,N10010,N10003
SQ1897700006,18977,6,1009.0,1014.0,6,Home,Home,,,False,1037.0,1043.0,6.0,SQ18977000006,E18977001009,E18977001014,,,37.0,Faceoff > Possession > Pass > Possession > Pass > Zone_Entry_Exit,"1009,1010,1011,1012,1013,1014",N10010,43.0,,,N10010,N10003
SQ1897700007,18977,7,1015.0,1019.0,5,Away,Away,,,False,1027.0,1034.0,7.0,SQ18977000007,E18977001015,E18977001019,,,46.0,Turnover > Possession > Zone_Entry_Exit > Shot > Possession,"1015,1016,1017,1018,1019",N10003,53.0,,,N10010,N10003
SQ1897700008,18977,8,1020.0,1022.0,3,Away,Home,,,False,1018.0,1023.0,5.0,SQ18977000008,E18977001020,E18977001022,,,57.0,Turnover > Zone_Entry_Exit > Zone_Entry_Exit,"1020,1021,1022",N10003,62.0,,,N10010,N10003
SQ1897700009,18977,9,1023.0,1024.0,2,Home,Away,,,False,1014.0,1014.0,0.0,SQ18977000009,E18977001023,E18977001024,,,66.0,Turnover > Possession,"1023,1024",N10010,66.0,,,N10010,N10003
SQ1897700010,18977,10,1025.0,1026.0,2,Away,Home,,,False,1009.0,1009.0,0.0,SQ18977000010,E18977001025,E18977001026,,,71.0,Turnover > Possession,"1025,1026",N10003,71.0,,,N10010,N10003
SQ1897700011,18977,11,1027.0,1032.0,6,Home,Home,,,False,999.0,1005.0,6.0,SQ18977000011,E18977001027,E18977001032,,,75.0,Turnover > Zone_Entry_Exit > Possession > Zone_Entry_Exit > Shot > Save,"1027,1028,1029,1030,1031,1032",N10010,81.0,,,N10010,N10003
SQ1897700012,18977,12,1033.0,1034.0,2,Home,Home,,,False,994.0,999.0,5.0,SQ18977000012,E18977001033,E18977001034,,,81.0,Stoppage > DeadIce,"1033,1034",N10010,86.0,,,N10010,N10003
SQ1897700013,18977,13,1035.0,1036.0,2,Home,Home,,,False,975.0,975.0,0.0,SQ18977000013,E18977001035,E18977001036,,,105.0,Faceoff > Possession,"1035,1036",N10010,105.0,,,N10010,N10003
SQ1897700014,18977,14,1037.0,1037.0,1,Home,Home,,,False,968.0,968.0,0.0,SQ18977000014,E18977001037,E18977001037,,,112.0,Turnover,1037,N10010,112.0,,,N10010,N10003
SQ1897700015,18977,15,1038.0,1038.0,1,Home,Home,,,False,967.0,967.0,0.0,SQ18977000015,E18977001038,E18977001038,,,113.0,Turnover,1038,N10010,113.0,,,N10010,N10003
SQ1897700016,18977,16,1039.0,1039.0,1,Home,Home,,,False,967.0,967.0,0.0,SQ18977000016,E18977001039,E18977001039,,,113.0,Turnover,1039,N10010,113.0,,,N10010,N10003
SQ1897700017,18977,17,1040.0,1040.0,1,Home,Home,,,False,966.0,966.0,0.0,SQ18977000017,E18977001040,E18977001040,,,114.0,Stoppage,1040,N10010,114.0,,,N10010,N10003
SQ1897700018,18977,18,1041.0,1042.0,2,Home,Away,,,False,939.0,940.0,1.0,SQ18977000018,E18977001041,E18977001042,,,140.0,Faceoff > Possession,"1041,1042",N10010,141.0,,,N10010,N10003
SQ1897700019,18977,19,1043.0,1051.0,9,Away,Home,,,False,913.0,935.0,22.0,SQ18977000019,E18977001043,E18977001051,,,145.0,Turnover > Zone_Entry_Exit > Possession > Zone_Entry_Exit > Zone_Entry_Exit > Pass > Pass > Possession > Pass,"1043,1044,1045,1046,1047,1048,1049,1050,1051",N10003,167.0,,,N10010,N10003
SQ1897700020,18977,20,1052.0,1053.0,2,Home,Away,,,False,909.0,909.0,0.0,SQ18977000020,E18977001052,E18977001053,,,171.0,Turnover > Possession,"1052,1053",N10010,171.0,,,N10010,N10003
SQ1897700021,18977,21,1054.0,1057.0,4,Away,Away,,,False,882.0,905.0,23.0,SQ18977000021,E18977001054,E18977001057,,,175.0,Turnover > Zone_Entry_Exit > Possession > Zone_Entry_Exit,"1054,1055,1056,1057",N10003,198.0,,,N10010,N10003
SQ1897700022,18977,22,1058.0,1065.0,8,Away,Home,,,False,881.0,887.0,6.0,SQ18977000022,E18977001058,E18977001065,,,198.0,Turnover > Possession > Pass > Possession > Pass > Zone_Entry_Exit > Possession > Zone_Entry_Exit,"1058,1059,1060,1061,1062,1063,1064,1065",N10003,199.0,,,N10010,N10003
SQ1897700023,18977,23,1066.0,1070.0,5,Away,Home,,,False,865.0,878.0,13.0,SQ18977000023,E18977001066,E18977001070,,,202.0,Turnover > Shot > Possession > Pass > Possession,"1066,1067,1068,1069,1070",N10003,215.0,,,N10010,N10003
SQ1897700024,18977,24,1071.0,1077.0,7,Home,Home,,,False,855.0,864.0,9.0,SQ18977000024,E18977001071,E18977001077,,,216.0,Turnover > Zone_Entry_Exit > Pass > Possession > Zone_Entry_Exit > Shot > Save,"1071,1072,1073,1074,1075,1076,1077",N10010,225.0,,,N10010,N10003
SQ1897700025,18977,25,1078.0,1079.0,2,Home,Home,,,False,856.0,856.0,0.0,SQ18977000025,E18977001078,E18977001079,,,224.0,Stoppage > DeadIce,"1078,1079",N10010,224.0,,,N10010,N10003
SQ1897700026,18977,26,1080.0,1089.0,10,Home,Away,,,False,815.0,830.0,15.0,SQ18977000026,E18977001080,E18977001089,,,250.0,Faceoff > Possession > Possession > Pass > Zone_Entry_Exit > Possession > Zone_Entry_Exit > Shot > Save > Rebound,"1080,1081,1082,1083,1084,1085,1086,1087,1088,1089",N10010,265.0,,,N10010,N10003
SQ1897700027,18977,27,1090.0,1091.0,2,Away,Away,,,False,814.0,814.0,0.0,SQ18977000027,E18977001090,E18977001091,,,266.0,Stoppage > DeadIce,"1090,1091",N10003,266.0,,,N10010,N10003
SQ1897700028,18977,28,1092.0,1092.0,1,Away,Away,,,False,794.0,794.0,0.0,SQ18977000028,E18977001092,E18977001092,,,286.0,Faceoff,1092,N10003,286.0,,,N10010,N10003
SQ1897700029,18977,29,1093.0,1096.0,4,Away,Away,,,False,780.0,785.0,5.0,SQ18977000029,E18977001093,E18977001096,,,295.0,Turnover > Possession > Pass > Possession,"1093,1094,1095,1096",N10003,300.0,,,N10010,N10003
SQ1897700030,18977,30,1097.0,1098.0,2,Away,Home,,,False,772.0,777.0,5.0,SQ18977000030,E18977001097,E18977001098,,,303.0,Turnover > Possession,"1097,1098",N10003,308.0,,,N10010,N10003
SQ1897700031,18977,31,1099.0,1105.0,7,Home,Away,,,False,748.0,770.0,22.0,SQ18977000031,E18977001099,E18977001105,,,310.0,Turnover > Zone_Entry_Exit > Possession > Zone_Entry_Exit > Shot > Possession > Pass,"1099,1100,1101,1102,1103,1104,1105",N10010,332.0,,,N10010,N10003
SQ1897700032,18977,32,1106.0,1106.0,1,Away,Away,,,False,746.0,746.0,0.0,SQ18977000032,E18977001106,E18977001106,,,334.0,Turnover,1106,N10003,334.0,,,N10010,N10003
SQ1897700033,18977,33,1107.0,1113.0,7,Home,Away,,,False,733.0,744.0,11.0,SQ18977000033,E18977001107,E18977001113,,,336.0,Turnover > Shot > Possession > Shot > Save > Rebound > Possession,"1107,1108,1109,1110,1111,1112,1113",N10010,347.0,,,N10010,N10003
SQ1897700034,18977,34,1114.0,1119.0,6,Away,Away,,,False,723.0,732.0,9.0,SQ18977000034,E18977001114,E18977001119,,,348.0,Turnover > Possession > Zone_Entry_Exit > Zone_Entry_Exit > Possession > Zone_Entry_Exit,"1114,1115,1116,1117,1118,1119",N10003,357.0,,,N10010,N10003
SQ1897700035,18977,35,1120.0,1121.0,2,Away,Home,,,False,715.0,723.0,8.0,SQ18977000035,E18977001120,E18977001121,,,357.0,Turnover > Zone_Entry_Exit,"1120,1121",N10003,365.0,,,N10010,N10003
SQ1897700036,18977,36,1122.0,1126.0,5,Home,Away,,,False,711.0,715.0,4.0,SQ18977000036,E18977001122,E18977001126,,,365.0,Turnover > Possession > Pass > Zone_Entry_Exit > Zone_Entry_Exit,"1122,1123,1124,1125,1126",N10010,369.0,,,N10010,N10003
SQ1897700037,18977,37,1127.0,1132.0,6,Away,Home,,,False,706.0,711.0,5.0,SQ18977000037,E18977001127,E18977001132,,,369.0,Turnover > Possession > Zone_Entry_Exit > Pass > Possession > Zone_Entry_Exit,"1127,1128,1129,1130,1131,1132",N10003,374.0,,,N10010,N10003
SQ1897700038,18977,38,1133.0,1133.0,1,Away,Away,,,False,704.0,704.0,0.0,SQ18977000038,E18977001133,E18977001133,,,376.0,Turnover,1133,N10003,376.0,,,N10010,N10003
SQ1897700039,18977,39,1134.0,1134.0,1,Away,Away,,,False,703.0,703.0,0.0,SQ18977000039,E18977001134,E18977001134,,,377.0,Turnover,1134,N10003,377.0,,,N10010,N10003
SQ1897700040,18977,40,1135.0,1139.0,5,Away,Home,,,False,696.0,703.0,7.0,SQ18977000040,E18977001135,E18977001139,,,377.0,Turnover > Zone_Entry_Exit > Possession > Pass > Shot,"1135,1136,1137,1138,1139",N10003,384.0,,,N10010,N10003
SQ1897700041,18977,41,1140.0,1146.0,7,Home,Away,,,False,688.0,696.0,8.0,SQ18977000041,E18977001140,E18977001146,,,384.0,Turnover > Possession > Possession > Pass > Zone_Entry_Exit > Possession > Zone_Entry_Exit,"1140,1141,1142,1143,1144,1145,1146",N10010,392.0,,,N10010,N10003
SQ1897700042,18977,42,1147.0,1147.0,1,Away,Away,,,False,683.0,683.0,0.0,SQ18977000042,E18977001147,E18977001147,,,397.0,Turnover,1147,N10003,397.0,,,N10010,N10003
SQ1897700043,18977,43,1148.0,1151.0,4,Home,Away,,,False,674.0,682.0,8.0,SQ18977000043,E18977001148,E18977001151,,,398.0,Turnover > Possession > Shot > Pass,"1148,1149,1150,1151",N10010,406.0,,,N10010,N10003
SQ1897700044,18977,44,1152.0,1156.0,5,Away,Home,,,False,669.0,674.0,5.0,SQ18977000044,E18977001152,E18977001156,,,406.0,Turnover > Possession > Possession > Zone_Entry_Exit > Pass,"1152,1153,1154,1155,1156",N10003,411.0,,,N10010,N10003
SQ1897700045,18977,45,1157.0,1158.0,2,Home,Away,,,False,668.0,669.0,1.0,SQ18977000045,E18977001157,E18977001158,,,411.0,Turnover > Zone_Entry_Exit,"1157,1158",N10010,412.0,,,N10010,N10003
SQ1897700046,18977,46,1159.0,1164.0,6,Away,Home,,,False,657.0,668.0,11.0,SQ18977000046,E18977001159,E18977001164,,,412.0,Turnover > Possession > Possession > Pass > Possession > Pass,"1159,1160,1161,1162,1163,1164",N10003,423.0,,,N10010,N10003
SQ1897700047,18977,47,1165.0,1169.0,5,Home,Away,,,False,652.0,657.0,5.0,SQ18977000047,E18977001165,E18977001169,,,423.0,Turnover > Zone_Entry_Exit > Shot > Possession > Pass,"1165,1166,1167,1168,1169",N10010,428.0,,,N10010,N10003
SQ1897700048,18977,48,1170.0,1175.0,6,Away,Away,,,False,644.0,652.0,8.0,SQ18977000048,E18977001170,E18977001175,,,428.0,Turnover > Zone_Entry_Exit > Possession > Zone_Entry_Exit > Shot > Save,"1170,1171,1172,1173,1174,1175",N10003,436.0,,,N10010,N10003
SQ1897700049,18977,49,1176.0,1177.0,2,Away,Away,,,False,640.0,641.0,1.0,SQ18977000049,E18977001176,E18977001177,,,439.0,Stoppage > DeadIce,"1176,1177",N10003,440.0,,,N10010,N10003
SQ1897700050,18977,50,1178.0,1178.0,1,Away,Away,,,False,627.0,627.0,0.0,SQ18977000050,E18977001178,E18977001178,,,453.0,Faceoff,1178,N10003,453.0,,,N10010,N10003
SQ1897700051,18977,51,1179.0,1179.0,1,Away,Away,,,False,626.0,626.0,0.0,SQ18977000051,E18977001179,E18977001179,,,454.0,Turnover,1179,N10003,454.0,,,N10010,N10003
SQ1897700052,18977,52,1180.0,1181.0,2,Home,Away,,,False,620.0,622.0,2.0,SQ18977000052,E18977001180,E18977001181,,,458.0,Turnover > Zone_Entry_Exit,"1180,1181",N10010,460.0,,,N10010,N10003
SQ1897700053,18977,53,1182.0,1183.0,2,Away,Home,,,False,618.0,620.0,2.0,SQ18977000053,E18977001182,E18977001183,,,460.0,Turnover > Possession,"1182,1183",N10003,462.0,,,N10010,N10003
SQ1897700054,18977,54,1184.0,1184.0,1,Home,Home,,,False,614.0,614.0,0.0,SQ18977000054,E18977001184,E18977001184,,,466.0,Turnover,1184,N10010,466.0,,,N10010,N10003
SQ1897700055,18977,55,1185.0,1185.0,1,Away,Away,,,False,613.0,613.0,0.0,SQ18977000055,E18977001185,E18977001185,,,467.0,Turnover,1185,N10003,467.0,,,N10010,N10003
SQ1897700056,18977,56,1186.0,1189.0,4,Home,Home,,,False,607.0,612.0,5.0,SQ18977000056,E18977001186,E18977001189,,,468.0,Turnover > Zone_Entry_Exit > Penalty > DeadIce,"1186,1187,1188,1189",N10010,473.0,,,N10010,N10003
SQ1897700057,18977,57,1190.0,1205.0,16,Home,Away,,,False,543.0,578.0,35.0,SQ18977000057,E18977001190,E18977001205,,,502.0,Faceoff > Zone_Entry_Exit > Zone_Entry_Exit > Possession > Pass > Zone_Entry_Exit > Possession > Zone_Entry_Exit > Shot > Zone_Entry_Exit > Pass > Possession > Pass > Pass > Possession > Pass,"1190,1191,1192,1193,1194,1195,1196,1197,1198,1199,1200,1201,1202,1203,1204,1205",N10010,537.0,,,N10010,N10003
SQ1897700058,18977,58,1206.0,1212.0,7,Away,Home,,,False,527.0,542.0,15.0,SQ18977000058,E18977001206,E18977001212,,,538.0,Turnover > Possession > Possession > Zone_Entry_Exit > Possession > Zone_Entry_Exit > Pass,"1206,1207,1208,1209,1210,1211,1212",N10003,553.0,,,N10010,N10003
SQ1897700059,18977,59,1213.0,1230.0,18,Home,Away,,,False,501.0,527.0,26.0,SQ18977000059,E18977001213,E18977001230,,,553.0,Turnover > Possession > Pass > Zone_Entry_Exit > Pass > Possession > Zone_Entry_Exit > Pass > Possession > Shot > Zone_Entry_Exit > Pass > Shot > Save > Rebound > Shot > Zone_Entry_Exit > Possession,"1213,1214,1215,1216,1217,1218,1219,1220,1221,1222,1223,1224,1225,1226,1227,1228,1229,1230",N10010,579.0,,,N10010,N10003
SQ1897700060,18977,60,1231.0,1244.0,14,Away,Away,,,False,472.0,497.0,25.0,SQ18977000060,E18977001231,E18977001244,,,583.0,Turnover > Zone_Entry_Exit > Zone_Entry_Exit > Possession > Pass > Zone_Entry_Exit > Possession > Zone_Entry_Exit > Possession > Possession > Pass > Pass > Possession > Shot,"1231,1232,1233,1234,1235,1236,1237,1238,1239,1240,1241,1242,1243,1244",N10003,608.0,,,N10010,N10003
SQ1897700061,18977,61,1245.0,1246.0,2,Home,Home,,,False,470.0,470.0,0.0,SQ18977000061,E18977001245,E18977001246,,,610.0,Stoppage > DeadIce,"1245,1246",N10010,610.0,,,N10010,N10003
SQ1897700062,18977,62,1247.0,1258.0,12,Home,Away,,,False,428.0,448.0,20.0,SQ18977000062,E18977001247,E18977001258,,,632.0,Faceoff > Zone_Entry_Exit > Zone_Entry_Exit > Possession > Pass > Possession > Pass > Possession > Pass > Zone_Entry_Exit > Pass > Zone_Entry_Exit,"1247,1248,1249,1250,1251,1252,1253,1254,1255,1256,1257,1258",N10010,652.0,,,N10010,N10003
SQ1897700063,18977,63,1259.0,1260.0,2,Home,Home,,,False,423.0,425.0,2.0,SQ18977000063,E18977001259,E18977001260,,,655.0,Turnover > Possession,"1259,1260",N10010,657.0,,,N10010,N10003
SQ1897700064,18977,64,1261.0,1263.0,3,Home,Away,,,False,417.0,421.0,4.0,SQ18977000064,E18977001261,E18977001263,,,659.0,Turnover > Possession > Shot,"1261,1262,1263",N10010,663.0,,,N10010,N10003
SQ1897700065,18977,65,1264.0,1279.0,16,Away,Away,,,False,398.0,417.0,19.0,SQ18977000065,E18977001264,E18977001279,,,663.0,Turnover > Pass > Zone_Entry_Exit > Zone_Entry_Exit > Possession > Pass > Shot > Save > Rebound > Possession > Pass > Possession > Shot > Save > Rebound > Zone_Entry_Exit,"1264,1265,1266,1267,1268,1269,1270,1271,1272,1273,1274,1275,1276,1277,1278,1279",N10003,682.0,,,N10010,N10003
SQ1897700066,18977,66,1280.0,1296.0,17,Away,Home,,,False,358.0,397.0,39.0,SQ18977000066,E18977001280,E18977001296,,,683.0,Turnover > Possession > Zone_Entry_Exit > Possession > Pass > Possession > Shot > Possession > Pass > Pass > Shot > Pass > Pass > Possession > Pass > Possession > Shot,"1280,1281,1282,1283,1284,1285,1286,1287,1288,1289,1290,1291,1292,1293,1294,1295,1296",N10003,722.0,,,N10010,N10003
SQ1897700067,18977,67,1297.0,1298.0,2,Home,Away,,,False,356.0,358.0,2.0,SQ18977000067,E18977001297,E18977001298,,,722.0,Turnover > Pass,"1297,1298",N10010,724.0,,,N10010,N10003
SQ1897700068,18977,68,1299.0,1300.0,2,Away,Away,,,False,356.0,356.0,0.0,SQ18977000068,E18977001299,E18977001300,,,724.0,Stoppage > DeadIce,"1299,1300",N10003,724.0,,,N10010,N10003
SQ1897700069,18977,69,1301.0,1309.0,9,Away,Away,,,False,310.0,328.0,18.0,SQ18977000069,E18977001301,E18977001309,,,752.0,Faceoff > Possession > Pass > Zone_Entry_Exit > Possession > Zone_Entry_Exit > Pass > Shot > Pass,"1301,1302,1303,1304,1305,1306,1307,1308,1309",N10003,770.0,,,N10010,N10003
SQ1897700070,18977,70,1310.0,1311.0,2,Away,Home,,,False,305.0,310.0,5.0,SQ18977000070,E18977001310,E18977001311,,,770.0,Turnover > Zone_Entry_Exit,"1310,1311",N10003,775.0,,,N10010,N10003
SQ1897700071,18977,71,1312.0,1318.0,7,Home,Away,,,False,287.0,305.0,18.0,SQ18977000071,E18977001312,E18977001318,,,775.0,Turnover > Possession > Zone_Entry_Exit > Shot > Shot > Possession > Pass,"1312,1313,1314,1315,1316,1317,1318",N10010,793.0,,,N10010,N10003
SQ1897700072,18977,72,1319.0,1334.0,16,Away,Away,,,False,266.0,287.0,21.0,SQ18977000072,E18977001319,E18977001334,,,793.0,Turnover > Zone_Entry_Exit > Possession > Zone_Entry_Exit > Pass > Possession > Pass > Possession > Pass > Zone_Entry_Exit > Pass > Possession > Shot > Save > Rebound > Pass,"1319,1320,1321,1322,1323,1324,1325,1326,1327,1328,1329,1330,1331,1332,1333,1334",N10003,814.0,,,N10010,N10003
SQ1897700073,18977,73,1335.0,1336.0,2,Away,Home,,,False,266.0,266.0,0.0,SQ18977000073,E18977001335,E18977001336,,,814.0,Turnover > Zone_Entry_Exit,"1335,1336",N10003,814.0,,,N10010,N10003
SQ1897700074,18977,74,1337.0,1345.0,9,Home,Away,,,False,249.0,265.0,16.0,SQ18977000074,E18977001337,E18977001345,,,815.0,Turnover > Zone_Entry_Exit > Possession > Zone_Entry_Exit > Shot > Save > Rebound > Zone_Entry_Exit > Pass,"1337,1338,1339,1340,1341,1342,1343,1344,1345",N10010,831.0,,,N10010,N10003
SQ1897700075,18977,75,1346.0,1348.0,3,Home,Home,,,False,239.0,245.0,6.0,SQ18977000075,E18977001346,E18977001348,,,835.0,Turnover > Pass > Zone_Entry_Exit,"1346,1347,1348",N10010,841.0,,,N10010,N10003
SQ1897700076,18977,76,1349.0,1362.0,14,Home,Away,,,False,204.0,238.0,34.0,SQ18977000076,E18977001349,E18977001362,,,842.0,Turnover > Possession > Pass > Possession > Pass > Pass > Possession > Pass > Shot > Save > Rebound > Possession > Pass > Shot,"1349,1350,1351,1352,1353,1354,1355,1356,1357,1358,1359,1360,1361,1362",N10010,876.0,,,N10010,N10003
SQ1897700077,18977,77,1363.0,1369.0,7,Away,Home,,,False,198.0,204.0,6.0,SQ18977000077,E18977001363,E18977001369,,,876.0,Turnover > Zone_Entry_Exit > Zone_Entry_Exit > Possession > Pass > Shot > DeadIce,"1363,1364,1365,1366,1367,1368,1369",N10003,882.0,,,N10010,N10003
SQ1897700078,18977,78,1370.0,1373.0,4,Home,Home,,,False,161.0,165.0,4.0,SQ18977000078,E18977001370,E18977001373,,,915.0,Faceoff > Pass > Possession > Zone_Entry_Exit,"1370,1371,1372,1373",N10010,919.0,,,N10010,N10003
SQ1897700079,18977,79,1375.0,1380.0,6,Away,Away,,,False,153.0,160.0,7.0,SQ18977000079,E18977001375,E18977001380,,,920.0,Turnover > Pass > Zone_Entry_Exit > Possession > Pass > Zone_Entry_Exit,"1375,1376,1377,1378,1379,1380",N10003,927.0,,,N10010,N10003
SQ1897700080,18977,80,1381.0,1387.0,7,Away,Home,,,False,135.0,153.0,18.0,SQ18977000080,E18977001381,E18977001387,,,927.0,Turnover > Possession > Pass > Zone_Entry_Exit > Pass > Zone_Entry_Exit > Pass,"1381,1382,1383,1384,1385,1386,1387",N10003,945.0,,,N10010,N10003
SQ1897700081,18977,81,1388.0,1395.0,8,Home,Away,,,False,122.0,135.0,13.0,SQ18977000081,E18977001388,E18977001395,,,945.0,Turnover > Possession > Pass > Pass > Zone_Entry_Exit > Possession > Zone_Entry_Exit > Pass,"1388,1389,1390,1391,1392,1393,1394,1395",N10010,958.0,,,N10010,N10003
SQ1897700082,18977,82,1396.0,1398.0,3,Away,Home,,,False,120.0,122.0,2.0,SQ18977000082,E18977001396,E18977001398,,,958.0,Turnover > Zone_Entry_Exit > Zone_Entry_Exit,"1396,1397,1398",N10003,960.0,,,N10010,N10003
SQ1897700083,18977,83,1399.0,1403.0,5,Home,Away,,,False,108.0,120.0,12.0,SQ18977000083,E18977001399,E18977001403,,,960.0,Turnover > Possession > Pass > Zone_Entry_Exit > Zone_Entry_Exit,"1399,1400,1401,1402,1403",N10010,972.0,,,N10010,N10003
SQ1897700084,18977,84,1404.0,1407.0,4,Away,Home,,,False,101.0,108.0,7.0,SQ18977000084,E18977001404,E18977001407,,,972.0,Turnover > Possession > Pass > Zone_Entry_Exit,"1404,1405,1406,1407",N10003,979.0,,,N10010,N10003
SQ1897700085,18977,85,1408.0,1417.0,10,Home,Home,,,False,85.0,99.0,14.0,SQ18977000085,E18977001408,E18977001417,,,981.0,Turnover > Zone_Entry_Exit > Shot > Save > Rebound > Pass > Zone_Entry_Exit > Pass > Possession > Zone_Entry_Exit,"1408,1409,1410,1411,1412,1413,1414,1415,1416,1417",N10010,995.0,,,N10010,N10003
SQ1897700086,18977,86,1418.0,1419.0,2,Away,Away,,,False,82.0,83.0,1.0,SQ18977000086,E18977001418,E18977001419,,,997.0,Turnover > Zone_Entry_Exit,"1418,1419",N10003,998.0,,,N10010,N10003
SQ1897700087,18977,87,1420.0,1421.0,2,Away,Home,,,False,82.0,82.0,0.0,SQ18977000087,E18977001420,E18977001421,,,998.0,Turnover > Possession,"1420,1421",N10003,998.0,,,N10010,N10003
SQ1897700088,18977,88,1422.0,1424.0,3,Home,Away,,,False,73.0,77.0,4.0,SQ18977000088,E18977001422,E18977001424,,,1003.0,Turnover > Possession > Zone_Entry_Exit,"1422,1423,1424",N10010,1007.0,,,N10010,N10003
SQ1897700089,18977,89,1425.0,1432.0,8,Away,Home,,,False,62.0,72.0,10.0,SQ18977000089,E18977001425,E18977001432,,,1008.0,Turnover > Pass > Pass > Zone_Entry_Exit > Possession > Zone_Entry_Exit > Possession > Pass,"1425,1426,1427,1428,1429,1430,1431,1432",N10003,1018.0,,,N10010,N10003
SQ1897700090,18977,90,1433.0,1438.0,6,Away,Away,,,False,44.0,57.0,13.0,SQ18977000090,E18977001433,E18977001438,,,1023.0,Turnover > Possession > Pass > Zone_Entry_Exit > Possession > Zone_Entry_Exit,"1433,1434,1435,1436,1437,1438",N10003,1036.0,,,N10010,N10003
SQ1897700091,18977,91,1439.0,1451.0,13,Home,Away,,,False,20.0,41.0,21.0,SQ18977000091,E18977001439,E18977001451,,,1039.0,Turnover > Zone_Entry_Exit > Possession > Zone_Entry_Exit > Shot > Save > Rebound > Pass > Pass > Zone_Entry_Exit > Possession > Zone_Entry_Exit > Pass,"1439,1440,1441,1442,1443,1444,1445,1446,1447,1448,1449,1450,1451",N10010,1060.0,,,N10010,N10003
SQ1897700092,18977,92,1452.0,1452.0,1,Away,Away,,,False,20.0,20.0,0.0,SQ18977000092,E18977001452,E18977001452,,,1060.0,Turnover,1452,N10003,1060.0,,,N10010,N10003
SQ1897700093,18977,93,1453.0,1454.0,2,Home,Home,,,False,20.0,20.0,0.0,SQ18977000093,E18977001453,E18977001454,,,1060.0,Stoppage > DeadIce,"1453,1454",N10010,1060.0,,,N10010,N10003
SQ1897700094,18977,94,1455.0,1457.0,3,Away,Home,,,False,3.0,3.0,0.0,SQ18977000094,E18977001455,E18977001457,,,1077.0,Faceoff > Shot > Save,"1455,1456,1457",N10003,1077.0,,,N10010,N10003
SQ1897700095,18977,95,1458.0,1458.0,1,Home,Home,,,False,1.0,0.0,-1.0,SQ18977000095,E18977001458,E18977001458,,,1079.0,Stoppage,1458,N10010,1079.0,,,N10010,N10003
SQ1897700096,18977,96,1459.0,1459.0,1,0,0,,,False,1156.0,1088.0,-68.0,SQ18977000096,E18977001459,E18977001459,,,1079.0,Intermission,1459,N10003,1079.0,,,N10010,N10003
SQ1897700097,18977,97,1460.0,1461.0,2,Home,Home,,,False,1078.0,1080.0,2.0,SQ18977000097,E18977001460,E18977001461,,,1148.0,Faceoff > Possession,"1460,1461",N10010,1150.0,,,N10010,N10003
SQ1897700098,18977,98,1462.0,1463.0,2,Home,Home,,,False,1073.0,1073.0,0.0,SQ18977000098,E18977001462,E18977001463,,,1155.0,Stoppage > DeadIce,"1462,1463",N10010,1155.0,,,N10010,N10003
SQ1897700099,18977,99,1464.0,1468.0,5,Home,Home,,,False,1050.0,1055.0,5.0,SQ18977000099,E18977001464,E18977001468,,,1173.0,Faceoff > Pass > Possession > Pass > Zone_Entry_Exit,"1464,1465,1466,1467,1468",N10010,1178.0,,,N10010,N10003
SQ1897700100,18977,100,1469.0,1471.0,3,Home,Away,,,False,1045.0,1050.0,5.0,SQ18977000100,E18977001469,E18977001471,,,1178.0,Turnover > Possession > Pass,"1469,1470,1471",N10010,1183.0,,,N10010,N10003
SQ1897700101,18977,101,1472.0,1479.0,8,Away,Home,,,False,1032.0,1045.0,13.0,SQ18977000101,E18977001472,E18977001479,,,1183.0,Turnover > Zone_Entry_Exit > Possession > Pass > Pass > Possession > Shot > Shot,"1472,1473,1474,1475,1476,1477,1478,1479",N10003,1196.0,,,N10010,N10003
SQ1897700102,18977,102,1480.0,1480.0,1,Home,Home,,,False,1032.0,1032.0,0.0,SQ18977000102,E18977001480,E18977001480,,,1196.0,Turnover,1480,N10010,1196.0,,,N10010,N10003
SQ1897700103,18977,103,1481.0,1482.0,2,Away,Away,,,False,1031.0,1031.0,0.0,SQ18977000103,E18977001481,E18977001482,,,1197.0,Stoppage > DeadIce,"1481,1482",N10003,1197.0,,,N10010,N10003
SQ1897700104,18977,104,1483.0,1487.0,5,Home,Home,,,False,996.0,1000.0,4.0,SQ18977000104,E18977001483,E18977001487,,,1228.0,Faceoff > Possession > Pass > Shot > Shot,"1483,1484,1485,1486,1487",N10010,1232.0,,,N10010,N10003
SQ1897700105,18977,105,1488.0,1502.0,15,Home,Home,,,False,970.0,996.0,26.0,SQ18977000105,E18977001488,E18977001502,,,1232.0,Turnover > Pass > Zone_Entry_Exit > Possession > Zone_Entry_Exit > Shot > Save > Rebound > Possession > Pass > Shot > Save > Rebound > Possession > Pass,"1488,1489,1490,1491,1492,1493,1494,1495,1496,1497,1498,1499,1500,1501,1502",N10010,1258.0,,,N10010,N10003
SQ1897700106,18977,106,1503.0,1504.0,2,Away,Away,,,False,969.0,969.0,0.0,SQ18977000106,E18977001503,E18977001504,,,1259.0,Turnover > Zone_Entry_Exit,"1503,1504",N10003,1259.0,,,N10010,N10003
SQ1897700107,18977,107,1505.0,1507.0,3,Away,Home,,,False,956.0,964.0,8.0,SQ18977000107,E18977001505,E18977001507,,,1264.0,Turnover > Possession > Zone_Entry_Exit,"1505,1506,1507",N10003,1272.0,,,N10010,N10003
SQ1897700108,18977,108,1508.0,1512.0,5,Away,Away,,,False,943.0,951.0,8.0,SQ18977000108,E18977001508,E18977001512,,,1277.0,Turnover > Zone_Entry_Exit > Possession > Pass > Zone_Entry_Exit,"1508,1509,1510,1511,1512",N10003,1285.0,,,N10010,N10003
SQ1897700109,18977,109,1513.0,1514.0,2,Away,Home,,,False,940.0,943.0,3.0,SQ18977000109,E18977001513,E18977001514,,,1285.0,Turnover > Zone_Entry_Exit,"1513,1514",N10003,1288.0,,,N10010,N10003
SQ1897700110,18977,110,1515.0,1526.0,12,Home,Away,,,False,911.0,940.0,29.0,SQ18977000110,E18977001515,E18977001526,,,1288.0,Turnover > Possession > Pass > Pass > Zone_Entry_Exit > Pass > Possession > Pass > Zone_Entry_Exit > Possession > Pass > Shot,"1515,1516,1517,1518,1519,1520,1521,1522,1523,1524,1525,1526",N10010,1317.0,,,N10010,N10003
SQ1897700111,18977,111,1527.0,1533.0,7,Away,Home,,,False,895.0,911.0,16.0,SQ18977000111,E18977001527,E18977001533,,,1317.0,Turnover > Pass > Pass > Zone_Entry_Exit > Pass > Zone_Entry_Exit > Pass,"1527,1528,1529,1530,1531,1532,1533",N10003,1333.0,,,N10010,N10003
SQ1897700112,18977,112,1534.0,1534.0,1,Home,Home,,,False,895.0,895.0,0.0,SQ18977000112,E18977001534,E18977001534,,,1333.0,Turnover,1534,N10010,1333.0,,,N10010,N10003
SQ1897700113,18977,113,1535.0,1536.0,2,Away,Away,,,False,886.0,888.0,2.0,SQ18977000113,E18977001535,E18977001536,,,1340.0,Stoppage > DeadIce,"1535,1536",N10003,1342.0,,,N10010,N10003
SQ1897700114,18977,114,1537.0,1546.0,10,Home,Away,,,False,841.0,862.0,21.0,SQ18977000114,E18977001537,E18977001546,,,1366.0,Faceoff > Zone_Entry_Exit > Possession > Zone_Entry_Exit > Possession > Shot > Save > Rebound > Zone_Entry_Exit > Pass,"1537,1538,1539,1540,1541,1542,1543,1544,1545,1546",N10010,1387.0,,,N10010,N10003
SQ1897700115,18977,115,1547.0,1555.0,9,Away,Home,,,False,823.0,841.0,18.0,SQ18977000115,E18977001547,E18977001555,,,1387.0,Turnover > Possession > Pass > Possession > Pass > Possession > Pass > Possession > Zone_Entry_Exit,"1547,1548,1549,1550,1551,1552,1553,1554,1555",N10003,1405.0,,,N10010,N10003
SQ1897700116,18977,116,1556.0,1559.0,4,Home,Away,,,False,816.0,823.0,7.0,SQ18977000116,E18977001556,E18977001559,,,1405.0,Turnover > Possession > Zone_Entry_Exit > Pass,"1556,1557,1558,1559",N10010,1412.0,,,N10010,N10003
SQ1897700117,18977,117,1560.0,1566.0,7,Away,Home,,,False,804.0,814.0,10.0,SQ18977000117,E18977001560,E18977001566,,,1414.0,Turnover > Possession > Pass > Possession > Pass > Pass > Zone_Entry_Exit,"1560,1561,1562,1563,1564,1565,1566",N10003,1424.0,,,N10010,N10003
SQ1897700118,18977,118,1567.0,1567.0,1,Away,Away,,,False,800.0,800.0,0.0,SQ18977000118,E18977001567,E18977001567,,,1428.0,Turnover,1567,N10003,1428.0,,,N10010,N10003
SQ1897700119,18977,119,1568.0,1569.0,2,Away,Away,,,False,797.0,797.0,0.0,SQ18977000119,E18977001568,E18977001569,,,1431.0,Stoppage > DeadIce,"1568,1569",N10003,1431.0,,,N10010,N10003
SQ1897700120,18977,120,1570.0,1581.0,12,Away,Away,,,False,742.0,763.0,21.0,SQ18977000120,E18977001570,E18977001581,,,1465.0,Faceoff > Shot > Save > Rebound > Possession > Possession > Possession > Pass > Zone_Entry_Exit > Possession > Shot > Save,"1570,1571,1572,1573,1574,1575,1576,1577,1578,1579,1580,1581",N10003,1486.0,,,N10010,N10003
SQ1897700121,18977,121,1582.0,1583.0,2,Away,Away,,,False,742.0,742.0,0.0,SQ18977000121,E18977001582,E18977001583,,,1486.0,Stoppage > DeadIce,"1582,1583",N10003,1486.0,,,N10010,N10003
SQ1897700122,18977,122,1584.0,1598.0,15,Away,Home,,,False,703.0,725.0,22.0,SQ18977000122,E18977001584,E18977001598,,,1503.0,Faceoff > Possession > Zone_Entry_Exit > Pass > Zone_Entry_Exit > Possession > Shot > Save > Rebound > Zone_Entry_Exit > Zone_Entry_Exit > Pass > Zone_Entry_Exit > Pass > Zone_Entry_Exit,"1584,1585,1586,1587,1588,1589,1590,1591,1592,1593,1594,1595,1596,1597,1598",N10003,1525.0,,,N10010,N10003
SQ1897700123,18977,123,1599.0,1601.0,3,Home,Away,,,False,699.0,703.0,4.0,SQ18977000123,E18977001599,E18977001601,,,1525.0,Turnover > Possession > Zone_Entry_Exit,"1599,1600,1601",N10010,1529.0,,,N10010,N10003
SQ1897700124,18977,124,1602.0,1613.0,12,Away,Home,,,True,682.0,699.0,17.0,SQ18977000124,E18977001602,E18977001613,,,1529.0,Turnover > Possession > Pass > Pass > Possession > Zone_Entry_Exit > Pass > Possession > Pass > Shot > Goal > DeadIce,"1602,1603,1604,1605,1606,1607,1608,1609,1610,1611,1612,1613",N10003,1546.0,,,N10010,N10003
SQ1897700125,18977,125,1614.0,1617.0,4,Away,Away,,,False,650.0,653.0,3.0,SQ18977000125,E18977001614,E18977001617,,,1575.0,Faceoff > Possession > Pass > Zone_Entry_Exit,"1614,1615,1616,1617",N10003,1578.0,,,N10010,N10003
