play_id,game_id,sequence_id,play_index,first_event,last_event,event_count,sequence_index,team,zone_name,has_shot,start_seconds,end_seconds,duration_seconds,play_key,zone_id,team_id,first_event_key,last_event_key,play_chain,event_chain_indices,video_time_start,video_time_end,home_team_id,away_team_id
PL1896900002,18969,SQ1896900002,2,1000.0,1000.0,1,2,,,False,,,,PL18969000002,,N10010,E18969001000,E18969001000,GameStart,1000,0.0,0.0,N10008,N10010
PL1896900003,18969,SQ1896900003,3,1001.0,1005.0,5,3,Home,n,False,1069.0,1080.0,11.0,PL18969000003,ZN0003,N10008,E18969001001,E18969001005,Faceoff > Pass > Possession > Pass > Zone_Entry_Exit,"1001,1002,1003,1004,1005",0.0,11.0,N10008,N10010
PL1896900004,18969,SQ1896900004,4,1006.0,1006.0,1,4,Home,n,False,1069.0,1069.0,0.0,PL18969000004,ZN0003,N10008,E18969001006,E18969001006,Turnover,1006,11.0,11.0,N10008,N10010
PL1896900005,18969,SQ1896900004,5,1007.0,1009.0,3,4,Away,d,False,1061.0,1061.0,0.0,PL18969000005,ZN0002,N10010,E18969001007,E18969001009,Possession > Pass > Zone_Entry_Exit,"1007,1008,1009",15.0,19.0,N10008,N10010
PL1896900006,18969,SQ1896900004,6,1010.0,1010.0,1,4,Away,n,False,1059.0,1057.0,-2.0,PL18969000006,ZN0003,N10010,E18969001010,E18969001010,Possession,1010,21.0,21.0,N10008,N10010
PL1896900007,18969,SQ1896900004,7,1011.0,1015.0,5,4,Away,o,True,1048.0,1053.0,5.0,PL18969000007,ZN0001,N10010,E18969001011,E18969001015,Zone_Entry_Exit > Shot > Possession > Possession > Pass,"1011,1012,1013,1014,1015",23.0,32.0,N10008,N10010
PL1896900008,18969,SQ1896900005,8,1016.0,1016.0,1,5,Away,o,False,1047.0,1047.0,0.0,PL18969000008,ZN0001,N10010,E18969001016,E18969001016,Turnover,1016,33.0,33.0,N10008,N10010
PL1896900009,18969,SQ1896900005,9,1017.0,1019.0,3,5,Home,d,False,1040.0,1040.0,0.0,PL18969000009,ZN0002,N10008,E18969001017,E18969001019,Possession > Pass > Zone_Entry_Exit,"1017,1018,1019",37.0,40.0,N10008,N10010
PL1896900010,18969,SQ1896900005,10,1020.0,1021.0,2,5,Home,n,False,1035.0,1035.0,0.0,PL18969000010,ZN0003,N10008,E18969001020,E18969001021,Possession > Possession,"1020,1021",40.0,45.0,N10008,N10010
PL1896900011,18969,SQ1896900005,11,1022.0,1023.0,2,5,Home,o,False,1028.0,1028.0,0.0,PL18969000011,ZN0001,N10008,E18969001022,E18969001023,Zone_Entry_Exit > Possession,"1022,1023",48.0,52.0,N10008,N10010
PL1896900012,18969,SQ1896900006,12,1024.0,1024.0,1,6,Away,d,False,1025.0,1025.0,0.0,PL18969000012,ZN0002,N10010,E18969001024,E18969001024,Turnover,1024,55.0,55.0,N10008,N10010
PL1896900013,18969,SQ1896900007,13,1025.0,1025.0,1,7,Away,d,False,1022.0,1022.0,0.0,PL18969000013,ZN0002,N10010,E18969001025,E18969001025,Turnover,1025,58.0,58.0,N10008,N10010
PL1896900014,18969,SQ1896900007,14,1026.0,1032.0,7,7,Home,o,True,1008.0,1019.0,11.0,PL18969000014,ZN0001,N10008,E18969001026,E18969001032,Possession > Shot > Possession > Shot > Possession > Pass > Shot,"1026,1027,1028,1029,1030,1031,1032",61.0,72.0,N10008,N10010
PL1896900015,18969,SQ1896900007,15,1033.0,1037.0,5,7,Away,d,False,1002.0,1008.0,6.0,PL18969000015,ZN0002,N10010,E18969001033,E18969001037,Save > Rebound > Possession > Pass > Zone_Entry_Exit,"1033,1034,1035,1036,1037",72.0,78.0,N10008,N10010
PL1896900016,18969,SQ1896900007,16,1038.0,1039.0,2,7,Away,n,False,1000.0,1000.0,0.0,PL18969000016,ZN0003,N10010,E18969001038,E18969001039,Possession > Pass,"1038,1039",79.0,80.0,N10008,N10010
PL1896900017,18969,SQ1896900008,17,1040.0,1041.0,2,8,Away,n,False,995.0,995.0,0.0,PL18969000017,ZN0003,N10010,E18969001040,E18969001041,Stoppage > DeadIce,"1040,1041",85.0,85.0,N10008,N10010
PL1896900018,18969,SQ1896900009,18,1042.0,1043.0,2,9,Home,o,True,972.0,974.0,2.0,PL18969000018,ZN0001,N10008,E18969001042,E18969001043,Faceoff > Shot,"1042,1043",106.0,108.0,N10008,N10010
PL1896900019,18969,SQ1896900009,19,1044.0,1045.0,2,9,Away,d,False,972.0,972.0,0.0,PL18969000019,ZN0002,N10010,E18969001044,E18969001045,Save > Rebound,"1044,1045",108.0,108.0,N10008,N10010
PL1896900020,18969,SQ1896900009,20,1046.0,1052.0,7,9,Home,o,False,955.0,967.0,12.0,PL18969000020,ZN0001,N10008,E18969001046,E18969001052,Possession > Possession > Pass > Possession > Pass > Possession > Pass,"1046,1047,1048,1049,1050,1051,1052",110.0,125.0,N10008,N10010
PL1896900021,18969,SQ1896900009,21,1053.0,1053.0,1,9,Away,d,False,955.0,955.0,0.0,PL18969000021,ZN0002,N10010,E18969001053,E18969001053,Zone_Entry_Exit,1053,125.0,125.0,N10008,N10010
PL1896900022,18969,SQ1896900009,22,1054.0,1057.0,4,9,Home,n,False,949.0,950.0,1.0,PL18969000022,ZN0003,N10008,E18969001054,E18969001057,Possession > Pass > Possession > Pass,"1054,1055,1056,1057",129.0,131.0,N10008,N10010
PL1896900023,18969,SQ1896900009,23,1058.0,1058.0,1,9,Home,o,False,948.0,943.0,-5.0,PL18969000023,ZN0001,N10008,E18969001058,E18969001058,Zone_Entry_Exit,1058,132.0,132.0,N10008,N10010
PL1896900024,18969,SQ1896900010,24,1059.0,1059.0,1,10,Home,o,False,943.0,943.0,0.0,PL18969000024,ZN0001,N10008,E18969001059,E18969001059,Turnover,1059,137.0,137.0,N10008,N10010
PL1896900025,18969,SQ1896900010,25,1060.0,1064.0,5,10,Away,d,False,939.0,942.0,3.0,PL18969000025,ZN0002,N10010,E18969001060,E18969001064,Possession > Pass > Possession > Pass > Zone_Entry_Exit,"1060,1061,1062,1063,1064",137.0,141.0,N10008,N10010
PL1896900026,18969,SQ1896900010,26,1065.0,1066.0,2,10,Away,n,False,937.0,937.0,0.0,PL18969000026,ZN0003,N10010,E18969001065,E18969001066,Possession > Zone_Entry_Exit,"1065,1066",141.0,143.0,N10008,N10010
PL1896900027,18969,SQ1896900011,27,1067.0,1067.0,1,11,Away,n,False,937.0,937.0,0.0,PL18969000027,ZN0003,N10010,E18969001067,E18969001067,Turnover,1067,143.0,143.0,N10008,N10010
PL1896900028,18969,SQ1896900011,28,1068.0,1070.0,3,11,Home,d,False,932.0,932.0,0.0,PL18969000028,ZN0002,N10008,E18969001068,E18969001070,Possession > Pass > Zone_Entry_Exit,"1068,1069,1070",146.0,148.0,N10008,N10010
PL1896900029,18969,SQ1896900012,29,1071.0,1071.0,1,12,Home,d,False,932.0,932.0,0.0,PL18969000029,ZN0002,N10008,E18969001071,E18969001071,Turnover,1071,148.0,148.0,N10008,N10010
PL1896900030,18969,SQ1896900012,30,1072.0,1074.0,3,12,Away,n,False,927.0,927.0,0.0,PL18969000030,ZN0003,N10010,E18969001072,E18969001074,Possession > Pass > Possession,"1072,1073,1074",153.0,153.0,N10008,N10010
PL1896900031,18969,SQ1896900012,31,1075.0,1075.0,1,12,Away,o,False,923.0,923.0,0.0,PL18969000031,ZN0001,N10010,E18969001075,E18969001075,Zone_Entry_Exit,1075,157.0,157.0,N10008,N10010
PL1896900032,18969,SQ1896900013,32,1076.0,1076.0,1,13,Away,o,False,923.0,923.0,0.0,PL18969000032,ZN0001,N10010,E18969001076,E18969001076,Turnover,1076,157.0,157.0,N10008,N10010
PL1896900033,18969,SQ1896900013,33,1077.0,1079.0,3,13,Home,d,False,914.0,918.0,4.0,PL18969000033,ZN0002,N10008,E18969001077,E18969001079,Possession > Pass > Possession,"1077,1078,1079",161.0,166.0,N10008,N10010
PL1896900034,18969,SQ1896900014,34,1080.0,1080.0,1,14,Home,d,False,912.0,912.0,0.0,PL18969000034,ZN0002,N10008,E18969001080,E18969001080,Turnover,1080,168.0,168.0,N10008,N10010
PL1896900035,18969,SQ1896900014,35,1081.0,1083.0,3,14,Away,o,False,904.0,906.0,2.0,PL18969000035,ZN0001,N10010,E18969001081,E18969001083,Possession > Possession > Pass,"1081,1082,1083",172.0,176.0,N10008,N10010
PL1896900036,18969,SQ1896900015,36,1084.0,1084.0,1,15,Away,o,False,904.0,904.0,0.0,PL18969000036,ZN0001,N10010,E18969001084,E18969001084,Turnover,1084,176.0,176.0,N10008,N10010
PL1896900037,18969,SQ1896900015,37,1085.0,1085.0,1,15,Home,d,False,902.0,899.0,-3.0,PL18969000037,ZN0002,N10008,E18969001085,E18969001085,Possession,1085,178.0,178.0,N10008,N10010
PL1896900038,18969,SQ1896900016,38,1086.0,1086.0,1,16,Home,d,False,899.0,899.0,0.0,PL18969000038,ZN0002,N10008,E18969001086,E18969001086,Turnover,1086,181.0,181.0,N10008,N10010
PL1896900039,18969,SQ1896900016,39,1087.0,1089.0,3,16,Away,o,False,894.0,894.0,0.0,PL18969000039,ZN0001,N10010,E18969001087,E18969001089,Possession > Zone_Entry_Exit > Pass,"1087,1088,1089",183.0,186.0,N10008,N10010
PL1896900040,18969,SQ1896900017,40,1090.0,1090.0,1,17,Away,o,False,894.0,894.0,0.0,PL18969000040,ZN0001,N10010,E18969001090,E18969001090,Turnover,1090,186.0,186.0,N10008,N10010
PL1896900041,18969,SQ1896900017,41,1091.0,1094.0,4,17,Home,d,False,885.0,887.0,2.0,PL18969000041,ZN0002,N10008,E18969001091,E18969001094,Possession > Possession > Pass > Zone_Entry_Exit,"1091,1092,1093,1094",191.0,195.0,N10008,N10010
PL1896900042,18969,SQ1896900017,42,1095.0,1095.0,1,17,Home,n,False,885.0,882.0,-3.0,PL18969000042,ZN0003,N10008,E18969001095,E18969001095,Possession,1095,195.0,195.0,N10008,N10010
PL1896900043,18969,SQ1896900017,43,1096.0,1096.0,1,17,Home,o,False,882.0,880.0,-2.0,PL18969000043,ZN0001,N10008,E18969001096,E18969001096,Zone_Entry_Exit,1096,198.0,198.0,N10008,N10010
PL1896900044,18969,SQ1896900018,44,1097.0,1098.0,2,18,Away,d,False,880.0,880.0,0.0,PL18969000044,ZN0002,N10010,E18969001097,E18969001098,Turnover > Zone_Entry_Exit,"1097,1098",200.0,200.0,N10008,N10010
PL1896900045,18969,SQ1896900018,45,1099.0,1099.0,1,18,Home,n,False,876.0,874.0,-2.0,PL18969000045,ZN0003,N10008,E18969001099,E18969001099,Possession,1099,204.0,204.0,N10008,N10010
PL1896900046,18969,SQ1896900019,46,1100.0,1100.0,1,19,Away,n,False,874.0,874.0,0.0,PL18969000046,ZN0003,N10010,E18969001100,E18969001100,Turnover,1100,206.0,206.0,N10008,N10010
PL1896900047,18969,SQ1896900019,47,1101.0,1102.0,2,19,Home,n,False,873.0,874.0,1.0,PL18969000047,ZN0003,N10008,E18969001101,E18969001102,Possession > Zone_Entry_Exit,"1101,1102",206.0,207.0,N10008,N10010
PL1896900048,18969,SQ1896900020,48,1103.0,1103.0,1,20,Away,n,False,873.0,871.0,-2.0,PL18969000048,ZN0003,N10010,E18969001103,E18969001103,Turnover,1103,207.0,207.0,N10008,N10010
PL1896900049,18969,SQ1896900021,49,1104.0,1105.0,2,21,Away,n,False,871.0,871.0,0.0,PL18969000049,ZN0003,N10010,E18969001104,E18969001105,Stoppage > DeadIce,"1104,1105",209.0,209.0,N10008,N10010
PL1896900050,18969,SQ1896900022,50,1106.0,1112.0,7,22,Away,d,False,838.0,848.0,10.0,PL18969000050,ZN0002,N10010,E18969001106,E18969001112,Faceoff > Possession > Play > Possession > Play > Possession > Zone_Entry_Exit,"1106,1107,1108,1109,1110,1111,1112",232.0,242.0,N10008,N10010
PL1896900051,18969,SQ1896900022,51,1113.0,1113.0,1,22,Home,o,False,838.0,838.0,0.0,PL18969000051,ZN0001,N10008,E18969001113,E18969001113,Zone_Entry_Exit,1113,242.0,242.0,N10008,N10010
PL1896900052,18969,SQ1896900023,52,1114.0,1116.0,3,23,Home,o,False,836.0,838.0,2.0,PL18969000052,ZN0001,N10008,E18969001114,E18969001116,Turnover > Possession > Pass,"1114,1115,1116",242.0,244.0,N10008,N10010
PL1896900053,18969,SQ1896900024,53,1117.0,1118.0,2,24,Away,d,False,831.0,835.0,4.0,PL18969000053,ZN0002,N10010,E18969001117,E18969001118,Turnover > Possession,"1117,1118",245.0,249.0,N10008,N10010
PL1896900054,18969,SQ1896900025,54,1119.0,1119.0,1,25,Away,d,False,831.0,831.0,0.0,PL18969000054,ZN0002,N10010,E18969001119,E18969001119,Turnover,1119,249.0,249.0,N10008,N10010
PL1896900055,18969,SQ1896900025,55,1120.0,1121.0,2,25,Home,o,False,830.0,830.0,0.0,PL18969000055,ZN0001,N10008,E18969001120,E18969001121,Zone_Entry_Exit > Possession,"1120,1121",250.0,250.0,N10008,N10010
PL1896900056,18969,SQ1896900026,56,1122.0,1122.0,1,26,Home,o,False,827.0,827.0,0.0,PL18969000056,ZN0001,N10008,E18969001122,E18969001122,Turnover,1122,253.0,253.0,N10008,N10010
PL1896900057,18969,SQ1896900026,57,1123.0,1124.0,2,26,Away,d,False,826.0,826.0,0.0,PL18969000057,ZN0002,N10010,E18969001123,E18969001124,Possession > Pass,"1123,1124",254.0,254.0,N10008,N10010
PL1896900058,18969,SQ1896900027,58,1125.0,1125.0,1,27,Away,d,False,819.0,819.0,0.0,PL18969000058,ZN0002,N10010,E18969001125,E18969001125,Turnover,1125,261.0,261.0,N10008,N10010
PL1896900059,18969,SQ1896900027,59,1126.0,1128.0,3,27,Home,o,True,813.0,813.0,0.0,PL18969000059,ZN0001,N10008,E18969001126,E18969001128,Possession > Pass > Shot,"1126,1127,1128",261.0,267.0,N10008,N10010
PL1896900060,18969,SQ1896900027,60,1129.0,1130.0,2,27,Away,d,False,813.0,813.0,0.0,PL18969000060,ZN0002,N10010,E18969001129,E18969001130,Save > Rebound,"1129,1130",267.0,267.0,N10008,N10010
PL1896900061,18969,SQ1896900028,61,1131.0,1131.0,1,28,Away,d,False,813.0,813.0,0.0,PL18969000061,ZN0002,N10010,E18969001131,E18969001131,Turnover,1131,267.0,267.0,N10008,N10010
PL1896900062,18969,SQ1896900028,62,1132.0,1134.0,3,28,Home,o,True,808.0,812.0,4.0,PL18969000062,ZN0001,N10008,E18969001132,E18969001134,Zone_Entry_Exit > Possession > Shot,"1132,1133,1134",268.0,272.0,N10008,N10010
PL1896900063,18969,SQ1896900028,63,1135.0,1136.0,2,28,Away,d,False,808.0,808.0,0.0,PL18969000063,ZN0002,N10010,E18969001135,E18969001136,Save > Rebound,"1135,1136",272.0,272.0,N10008,N10010
PL1896900064,18969,SQ1896900028,64,1137.0,1138.0,2,28,Home,o,False,799.0,799.0,0.0,PL18969000064,ZN0001,N10008,E18969001137,E18969001138,Possession > Pass,"1137,1138",276.0,281.0,N10008,N10010
PL1896900065,18969,SQ1896900028,65,1139.0,1139.0,1,28,Away,d,False,798.0,796.0,-2.0,PL18969000065,ZN0002,N10010,E18969001139,E18969001139,Possession,1139,282.0,282.0,N10008,N10010
PL1896900066,18969,SQ1896900029,66,1140.0,1142.0,3,29,Home,o,False,793.0,796.0,3.0,PL18969000066,ZN0001,N10008,E18969001140,E18969001142,Turnover > Possession > Pass,"1140,1141,1142",284.0,287.0,N10008,N10010
PL1896900067,18969,SQ1896900029,67,1143.0,1145.0,3,29,Away,d,False,787.0,788.0,1.0,PL18969000067,ZN0002,N10010,E18969001143,E18969001145,Possession > Pass > Zone_Entry_Exit,"1143,1144,1145",291.0,293.0,N10008,N10010
PL1896900068,18969,SQ1896900030,68,1146.0,1146.0,1,30,Away,d,False,787.0,787.0,0.0,PL18969000068,ZN0002,N10010,E18969001146,E18969001146,Turnover,1146,293.0,293.0,N10008,N10010
PL1896900069,18969,SQ1896900030,69,1147.0,1149.0,3,30,Home,n,False,782.0,782.0,0.0,PL18969000069,ZN0003,N10008,E18969001147,E18969001149,Possession > Pass > Possession,"1147,1148,1149",294.0,298.0,N10008,N10010
PL1896900070,18969,SQ1896900030,70,1150.0,1151.0,2,30,Home,o,True,776.0,776.0,0.0,PL18969000070,ZN0001,N10008,E18969001150,E18969001151,Zone_Entry_Exit > Shot,"1150,1151",302.0,304.0,N10008,N10010
PL1896900071,18969,SQ1896900031,71,1152.0,1152.0,1,31,Home,o,False,776.0,776.0,0.0,PL18969000071,ZN0001,N10008,E18969001152,E18969001152,Turnover,1152,304.0,304.0,N10008,N10010
PL1896900072,18969,SQ1896900031,72,1153.0,1155.0,3,31,Away,d,False,770.0,771.0,1.0,PL18969000072,ZN0002,N10010,E18969001153,E18969001155,Possession > Pass > Zone_Entry_Exit,"1153,1154,1155",309.0,310.0,N10008,N10010
PL1896900073,18969,SQ1896900031,73,1156.0,1156.0,1,31,Away,n,False,769.0,769.0,0.0,PL18969000073,ZN0003,N10010,E18969001156,E18969001156,Pass,1156,311.0,311.0,N10008,N10010
PL1896900074,18969,SQ1896900031,74,1157.0,1158.0,2,31,Away,o,True,764.0,764.0,0.0,PL18969000074,ZN0001,N10010,E18969001157,E18969001158,Zone_Entry_Exit > Shot,"1157,1158",312.0,316.0,N10008,N10010
PL1896900075,18969,SQ1896900031,75,1159.0,1162.0,4,31,Home,d,False,762.0,764.0,2.0,PL18969000075,ZN0002,N10008,E18969001159,E18969001162,Save > Rebound > Possession > Zone_Entry_Exit,"1159,1160,1161,1162",316.0,318.0,N10008,N10010
PL1896900076,18969,SQ1896900031,76,1163.0,1165.0,3,31,Home,n,False,757.0,757.0,0.0,PL18969000076,ZN0003,N10008,E18969001163,E18969001165,Possession > Pass > Zone_Entry_Exit,"1163,1164,1165",320.0,323.0,N10008,N10010
PL1896900077,18969,SQ1896900031,77,1166.0,1167.0,2,31,Home,o,False,755.0,755.0,0.0,PL18969000077,ZN0001,N10008,E18969001166,E18969001167,Possession > Pass,"1166,1167",323.0,325.0,N10008,N10010
PL1896900078,18969,SQ1896900032,78,1168.0,1168.0,1,32,Home,o,False,755.0,755.0,0.0,PL18969000078,ZN0001,N10008,E18969001168,E18969001168,Turnover,1168,325.0,325.0,N10008,N10010
PL1896900079,18969,SQ1896900032,79,1169.0,1169.0,1,32,Away,d,False,751.0,748.0,-3.0,PL18969000079,ZN0002,N10010,E18969001169,E18969001169,Possession,1169,329.0,329.0,N10008,N10010
PL1896900080,18969,SQ1896900033,80,1170.0,1170.0,1,33,Home,o,False,745.0,745.0,0.0,PL18969000080,ZN0001,N10008,E18969001170,E18969001170,Turnover,1170,335.0,335.0,N10008,N10010
PL1896900081,18969,SQ1896900034,81,1171.0,1171.0,1,34,Home,o,False,744.0,744.0,0.0,PL18969000081,ZN0001,N10008,E18969001171,E18969001171,Turnover,1171,336.0,336.0,N10008,N10010
PL1896900082,18969,SQ1896900034,82,1172.0,1172.0,1,34,Away,d,False,739.0,739.0,0.0,PL18969000082,ZN0002,N10010,E18969001172,E18969001172,Possession,1172,341.0,341.0,N10008,N10010
PL1896900083,18969,SQ1896900035,83,1173.0,1173.0,1,35,Away,d,False,739.0,739.0,0.0,PL18969000083,ZN0002,N10010,E18969001173,E18969001173,Turnover,1173,341.0,341.0,N10008,N10010
PL1896900084,18969,SQ1896900035,84,1174.0,1176.0,3,35,Home,o,True,732.0,733.0,1.0,PL18969000084,ZN0001,N10008,E18969001174,E18969001176,Possession > Pass > Shot,"1174,1175,1176",345.0,348.0,N10008,N10010
PL1896900085,18969,SQ1896900035,85,1177.0,1178.0,2,35,Away,d,False,732.0,732.0,0.0,PL18969000085,ZN0002,N10010,E18969001177,E18969001178,Save > Rebound,"1177,1178",348.0,348.0,N10008,N10010
PL1896900086,18969,SQ1896900035,86,1179.0,1190.0,12,35,Home,o,True,711.0,727.0,16.0,PL18969000086,ZN0001,N10008,E18969001179,E18969001190,Possession > Pass > Possession > Pass > Pass > Possession > Pass > Possession > Pass > Possession > Shot > Goal,"1179,1180,1181,1182,1183,1184,1185,1186,1187,1188,1189,1190",352.0,369.0,N10008,N10010
PL1896900087,18969,SQ1896900036,87,1191.0,1192.0,2,36,Home,o,False,710.0,711.0,1.0,PL18969000087,ZN0001,N10008,E18969001191,E18969001192,Stoppage > DeadIce,"1191,1192",369.0,370.0,N10008,N10010
PL1896900088,18969,SQ1896900037,88,1193.0,1196.0,4,37,Home,n,False,680.0,687.0,7.0,PL18969000088,ZN0003,N10008,E18969001193,E18969001196,Faceoff > Possession > Pass > Pass,"1193,1194,1195,1196",393.0,400.0,N10008,N10010
PL1896900089,18969,SQ1896900038,89,1197.0,1198.0,2,38,Home,n,False,680.0,680.0,0.0,PL18969000089,ZN0003,N10008,E18969001197,E18969001198,Stoppage > DeadIce,"1197,1198",400.0,400.0,N10008,N10010
PL1896900090,18969,SQ1896900039,90,1199.0,1200.0,2,39,Home,d,False,654.0,657.0,3.0,PL18969000090,ZN0002,N10008,E18969001199,E18969001200,Faceoff > Possession,"1199,1200",423.0,426.0,N10008,N10010
PL1896900091,18969,SQ1896900040,91,1201.0,1201.0,1,40,Home,d,False,652.0,652.0,0.0,PL18969000091,ZN0002,N10008,E18969001201,E18969001201,Turnover,1201,428.0,428.0,N10008,N10010
PL1896900092,18969,SQ1896900040,92,1202.0,1203.0,2,40,Away,o,True,649.0,649.0,0.0,PL18969000092,ZN0001,N10010,E18969001202,E18969001203,Possession > Shot,"1202,1203",430.0,431.0,N10008,N10010
PL1896900093,18969,SQ1896900041,93,1204.0,1204.0,1,41,Away,o,False,649.0,649.0,0.0,PL18969000093,ZN0001,N10010,E18969001204,E18969001204,Turnover,1204,431.0,431.0,N10008,N10010
PL1896900094,18969,SQ1896900041,94,1205.0,1206.0,2,41,Home,d,False,647.0,647.0,0.0,PL18969000094,ZN0002,N10008,E18969001205,E18969001206,Possession > Pass,"1205,1206",432.0,433.0,N10008,N10010
PL1896900095,18969,SQ1896900041,95,1207.0,1210.0,4,41,Home,n,False,642.0,646.0,4.0,PL18969000095,ZN0003,N10008,E18969001207,E18969001210,Pass > Zone_Entry_Exit > Possession > Pass,"1207,1208,1209,1210",434.0,438.0,N10008,N10010
PL1896900096,18969,SQ1896900041,96,1211.0,1211.0,1,41,Home,o,False,641.0,641.0,0.0,PL18969000096,ZN0001,N10008,E18969001211,E18969001211,Zone_Entry_Exit,1211,439.0,439.0,N10008,N10010
PL1896900097,18969,SQ1896900042,97,1212.0,1212.0,1,42,Home,o,False,641.0,641.0,0.0,PL18969000097,ZN0001,N10008,E18969001212,E18969001212,Turnover,1212,439.0,439.0,N10008,N10010
PL1896900098,18969,SQ1896900042,98,1213.0,1215.0,3,42,Away,d,False,631.0,634.0,3.0,PL18969000098,ZN0002,N10010,E18969001213,E18969001215,Possession > Possession > Zone_Entry_Exit,"1213,1214,1215",442.0,449.0,N10008,N10010
PL1896900099,18969,SQ1896900042,99,1216.0,1216.0,1,42,Away,n,False,630.0,628.0,-2.0,PL18969000099,ZN0003,N10010,E18969001216,E18969001216,Possession,1216,450.0,450.0,N10008,N10010
PL1896900100,18969,SQ1896900042,100,1217.0,1218.0,2,42,Away,o,True,624.0,624.0,0.0,PL18969000100,ZN0001,N10010,E18969001217,E18969001218,Zone_Entry_Exit > Shot,"1217,1218",453.0,456.0,N10008,N10010
PL1896900101,18969,SQ1896900042,101,1219.0,1219.0,1,42,Home,d,False,624.0,624.0,0.0,PL18969000101,ZN0002,N10008,E18969001219,E18969001219,Save,1219,456.0,456.0,N10008,N10010
PL1896900102,18969,SQ1896900043,102,1220.0,1221.0,2,43,Home,d,False,624.0,624.0,0.0,PL18969000102,ZN0002,N10008,E18969001220,E18969001221,Stoppage > DeadIce,"1220,1221",456.0,456.0,N10008,N10010
PL1896900103,18969,SQ1896900044,103,1222.0,1222.0,1,44,Home,d,False,606.0,606.0,0.0,PL18969000103,ZN0002,N10008,E18969001222,E18969001222,Faceoff,1222,474.0,474.0,N10008,N10010
PL1896900104,18969,SQ1896900045,104,1223.0,1223.0,1,45,Home,d,False,603.0,603.0,0.0,PL18969000104,ZN0002,N10008,E18969001223,E18969001223,Turnover,1223,477.0,477.0,N10008,N10010
PL1896900105,18969,SQ1896900045,105,1224.0,1226.0,3,45,Away,o,True,599.0,600.0,1.0,PL18969000105,ZN0001,N10010,E18969001224,E18969001226,Zone_Entry_Exit > Possession > Shot,"1224,1225,1226",480.0,481.0,N10008,N10010
PL1896900106,18969,SQ1896900045,106,1227.0,1227.0,1,45,Home,d,False,599.0,599.0,0.0,PL18969000106,ZN0002,N10008,E18969001227,E18969001227,Save,1227,481.0,481.0,N10008,N10010
PL1896900107,18969,SQ1896900046,107,1228.0,1229.0,2,46,Home,d,False,597.0,597.0,0.0,PL18969000107,ZN0002,N10008,E18969001228,E18969001229,Stoppage > DeadIce,"1228,1229",483.0,483.0,N10008,N10010
PL1896900108,18969,SQ1896900047,108,1230.0,1233.0,4,47,Home,d,False,578.0,585.0,7.0,PL18969000108,ZN0002,N10008,E18969001230,E18969001233,Faceoff > Pass > Possession > Zone_Entry_Exit,"1230,1231,1232,1233",495.0,502.0,N10008,N10010
PL1896900109,18969,SQ1896900048,109,1234.0,1234.0,1,48,Home,n,False,578.0,578.0,0.0,PL18969000109,ZN0003,N10008,E18969001234,E18969001234,Turnover,1234,502.0,502.0,N10008,N10010
PL1896900110,18969,SQ1896900048,110,1235.0,1236.0,2,48,Away,n,False,574.0,575.0,1.0,PL18969000110,ZN0003,N10010,E18969001235,E18969001236,Possession > Pass,"1235,1236",503.0,506.0,N10008,N10010
PL1896900111,18969,SQ1896900048,111,1237.0,1239.0,3,48,Home,n,False,568.0,570.0,2.0,PL18969000111,ZN0003,N10008,E18969001237,E18969001239,Possession > Pass > Zone_Entry_Exit,"1237,1238,1239",508.0,512.0,N10008,N10010
PL1896900112,18969,SQ1896900049,112,1240.0,1240.0,1,49,Home,n,False,568.0,568.0,0.0,PL18969000112,ZN0003,N10008,E18969001240,E18969001240,Turnover,1240,512.0,512.0,N10008,N10010
PL1896900113,18969,SQ1896900049,113,1241.0,1243.0,3,49,Away,d,False,562.0,563.0,1.0,PL18969000113,ZN0002,N10010,E18969001241,E18969001243,Possession > Zone_Entry_Exit > Possession,"1241,1242,1243",516.0,518.0,N10008,N10010
PL1896900114,18969,SQ1896900049,114,1244.0,1244.0,1,49,Away,n,False,561.0,561.0,0.0,PL18969000114,ZN0003,N10010,E18969001244,E18969001244,Pass,1244,519.0,519.0,N10008,N10010
PL1896900115,18969,SQ1896900050,115,1245.0,1245.0,1,50,Away,n,False,561.0,561.0,0.0,PL18969000115,ZN0003,N10010,E18969001245,E18969001245,Turnover,1245,519.0,519.0,N10008,N10010
PL1896900116,18969,SQ1896900050,116,1246.0,1246.0,1,50,Home,n,False,558.0,557.0,-1.0,PL18969000116,ZN0003,N10008,E18969001246,E18969001246,Possession,1246,522.0,522.0,N10008,N10010
PL1896900117,18969,SQ1896900051,117,1247.0,1248.0,2,51,Away,n,False,555.0,556.0,1.0,PL18969000117,ZN0003,N10010,E18969001247,E18969001248,Turnover > Zone_Entry_Exit,"1247,1248",524.0,525.0,N10008,N10010
PL1896900118,18969,SQ1896900051,118,1249.0,1249.0,1,51,Home,n,False,555.0,555.0,0.0,PL18969000118,ZN0003,N10008,E18969001249,E18969001249,Play,1249,525.0,525.0,N10008,N10010
PL1896900119,18969,SQ1896900051,119,1250.0,1251.0,2,51,Away,n,False,551.0,551.0,0.0,PL18969000119,ZN0003,N10010,E18969001250,E18969001251,Possession > Pass,"1250,1251",527.0,529.0,N10008,N10010
PL1896900120,18969,SQ1896900051,120,1252.0,1252.0,1,51,Home,n,False,550.0,550.0,0.0,PL18969000120,ZN0003,N10008,E18969001252,E18969001252,Zone_Entry_Exit,1252,530.0,530.0,N10008,N10010
PL1896900121,18969,SQ1896900051,121,1253.0,1255.0,3,51,Away,n,False,549.0,549.0,0.0,PL18969000121,ZN0003,N10010,E18969001253,E18969001255,Possession > Pass > Zone_Entry_Exit,"1253,1254,1255",531.0,531.0,N10008,N10010
PL1896900122,18969,SQ1896900052,122,1256.0,1256.0,1,52,Away,n,False,549.0,549.0,0.0,PL18969000122,ZN0003,N10010,E18969001256,E18969001256,Turnover,1256,531.0,531.0,N10008,N10010
PL1896900123,18969,SQ1896900052,123,1257.0,1260.0,4,52,Home,d,False,541.0,543.0,2.0,PL18969000123,ZN0002,N10008,E18969001257,E18969001260,Possession > Pass > Possession > Pass,"1257,1258,1259,1260",536.0,539.0,N10008,N10010
PL1896900124,18969,SQ1896900053,124,1261.0,1261.0,1,53,Home,d,False,541.0,541.0,0.0,PL18969000124,ZN0002,N10008,E18969001261,E18969001261,Turnover,1261,539.0,539.0,N10008,N10010
PL1896900125,18969,SQ1896900053,125,1262.0,1263.0,2,53,Away,o,False,539.0,539.0,0.0,PL18969000125,ZN0001,N10010,E18969001262,E18969001263,Zone_Entry_Exit > Possession,"1262,1263",541.0,541.0,N10008,N10010
PL1896900126,18969,SQ1896900054,126,1264.0,1264.0,1,54,Home,o,False,538.0,538.0,0.0,PL18969000126,ZN0001,N10008,E18969001264,E18969001264,Turnover,1264,542.0,542.0,N10008,N10010
PL1896900127,18969,SQ1896900054,127,1265.0,1267.0,3,54,Home,d,False,534.0,535.0,1.0,PL18969000127,ZN0002,N10008,E18969001265,E18969001267,Possession > Pass > Zone_Entry_Exit,"1265,1266,1267",543.0,546.0,N10008,N10010
PL1896900128,18969,SQ1896900054,128,1268.0,1269.0,2,54,Home,n,False,532.0,533.0,1.0,PL18969000128,ZN0003,N10008,E18969001268,E18969001269,Pass > Possession,"1268,1269",547.0,548.0,N10008,N10010
PL1896900129,18969,SQ1896900054,129,1270.0,1270.0,1,54,Home,o,False,530.0,528.0,-2.0,PL18969000129,ZN0001,N10008,E18969001270,E18969001270,Zone_Entry_Exit,1270,550.0,550.0,N10008,N10010
PL1896900130,18969,SQ1896900055,130,1271.0,1272.0,2,55,Away,d,False,526.0,528.0,2.0,PL18969000130,ZN0002,N10010,E18969001271,E18969001272,Turnover > Possession,"1271,1272",552.0,554.0,N10008,N10010
PL1896900131,18969,SQ1896900055,131,1273.0,1274.0,2,55,Away,d,False,524.0,524.0,0.0,PL18969000131,ZN0002,N10010,E18969001273,E18969001274,Pass > Zone_Entry_Exit,"1273,1274",556.0,556.0,N10008,N10010
PL1896900132,18969,SQ1896900056,132,1275.0,1275.0,1,56,Away,d,False,524.0,524.0,0.0,PL18969000132,ZN0002,N10010,E18969001275,E18969001275,Turnover,1275,556.0,556.0,N10008,N10010
PL1896900133,18969,SQ1896900056,133,1276.0,1277.0,2,56,Home,n,False,522.0,522.0,0.0,PL18969000133,ZN0003,N10008,E18969001276,E18969001277,Possession > Pass,"1276,1277",557.0,558.0,N10008,N10010
PL1896900134,18969,SQ1896900057,134,1278.0,1278.0,1,57,Home,n,False,522.0,522.0,0.0,PL18969000134,ZN0003,N10008,E18969001278,E18969001278,Turnover,1278,558.0,558.0,N10008,N10010
PL1896900135,18969,SQ1896900057,135,1279.0,1280.0,2,57,Away,n,False,518.0,519.0,1.0,PL18969000135,ZN0003,N10010,E18969001279,E18969001280,Possession > Pass,"1279,1280",559.0,562.0,N10008,N10010
PL1896900136,18969,SQ1896900058,136,1281.0,1281.0,1,58,Away,n,False,518.0,518.0,0.0,PL18969000136,ZN0003,N10010,E18969001281,E18969001281,Turnover,1281,562.0,562.0,N10008,N10010
PL1896900137,18969,SQ1896900058,137,1282.0,1282.0,1,58,Home,n,False,516.0,513.0,-3.0,PL18969000137,ZN0003,N10008,E18969001282,E18969001282,Possession,1282,564.0,564.0,N10008,N10010
PL1896900138,18969,SQ1896900058,138,1283.0,1286.0,4,58,Home,o,True,508.0,511.0,3.0,PL18969000138,ZN0001,N10008,E18969001283,E18969001286,Zone_Entry_Exit > Shot > Possession > Shot,"1283,1284,1285,1286",567.0,572.0,N10008,N10010
PL1896900139,18969,SQ1896900058,139,1287.0,1289.0,3,58,Away,d,False,506.0,508.0,2.0,PL18969000139,ZN0002,N10010,E18969001287,E18969001289,Save > Rebound > Possession,"1287,1288,1289",572.0,574.0,N10008,N10010
PL1896900140,18969,SQ1896900059,140,1290.0,1291.0,2,59,Away,d,False,499.0,499.0,0.0,PL18969000140,ZN0002,N10010,E18969001290,E18969001291,Stoppage > DeadIce,"1290,1291",581.0,581.0,N10008,N10010
PL1896900141,18969,SQ1896900060,141,1292.0,1292.0,1,60,Away,d,False,477.0,477.0,0.0,PL18969000141,ZN0002,N10010,E18969001292,E18969001292,Faceoff,1292,603.0,603.0,N10008,N10010
PL1896900142,18969,SQ1896900060,142,1293.0,1306.0,14,60,Home,o,True,448.0,471.0,23.0,PL18969000142,ZN0001,N10008,E18969001293,E18969001306,Possession > Pass > Possession > Shot > Possession > Pass > Possession > Pass > Possession > Shot > Possession > Pass > Possession > Shot,"1293,1294,1295,1296,1297,1298,1299,1300,1301,1302,1303,1304,1305,1306",606.0,632.0,N10008,N10010
PL1896900143,18969,SQ1896900061,143,1307.0,1308.0,2,61,Home,o,False,444.0,444.0,0.0,PL18969000143,ZN0001,N10008,E18969001307,E18969001308,Stoppage > DeadIce,"1307,1308",636.0,636.0,N10008,N10010
PL1896900144,18969,SQ1896900062,144,1309.0,1309.0,1,62,Away,d,False,417.0,417.0,0.0,PL18969000144,ZN0002,N10010,E18969001309,E18969001309,Faceoff,1309,663.0,663.0,N10008,N10010
PL1896900145,18969,SQ1896900062,145,1310.0,1312.0,3,62,Home,o,True,413.0,413.0,0.0,PL18969000145,ZN0001,N10008,E18969001310,E18969001312,Possession > Zone_Entry_Exit > Shot,"1310,1311,1312",667.0,667.0,N10008,N10010
PL1896900146,18969,SQ1896900063,146,1313.0,1313.0,1,63,Home,o,False,413.0,413.0,0.0,PL18969000146,ZN0001,N10008,E18969001313,E18969001313,Turnover,1313,667.0,667.0,N10008,N10010
PL1896900147,18969,SQ1896900063,147,1314.0,1316.0,3,63,Away,d,False,410.0,410.0,0.0,PL18969000147,ZN0002,N10010,E18969001314,E18969001316,Possession > Pass > Zone_Entry_Exit,"1314,1315,1316",670.0,670.0,N10008,N10010
PL1896900148,18969,SQ1896900063,148,1317.0,1318.0,2,63,Away,o,False,403.0,403.0,0.0,PL18969000148,ZN0001,N10010,E18969001317,E18969001318,Zone_Entry_Exit > Pass,"1317,1318",674.0,677.0,N10008,N10010
PL1896900149,18969,SQ1896900064,149,1319.0,1319.0,1,64,Away,o,False,403.0,403.0,0.0,PL18969000149,ZN0001,N10010,E18969001319,E18969001319,Turnover,1319,677.0,677.0,N10008,N10010
PL1896900150,18969,SQ1896900064,150,1320.0,1321.0,2,64,Home,d,False,400.0,400.0,0.0,PL18969000150,ZN0002,N10008,E18969001320,E18969001321,Possession > Zone_Entry_Exit,"1320,1321",677.0,680.0,N10008,N10010
PL1896900151,18969,SQ1896900064,151,1322.0,1322.0,1,64,Home,n,False,399.0,397.0,-2.0,PL18969000151,ZN0003,N10008,E18969001322,E18969001322,Possession,1322,681.0,681.0,N10008,N10010
PL1896900152,18969,SQ1896900064,152,1323.0,1323.0,1,64,Home,o,False,397.0,397.0,0.0,PL18969000152,ZN0001,N10008,E18969001323,E18969001323,Zone_Entry_Exit,1323,683.0,683.0,N10008,N10010
PL1896900153,18969,SQ1896900064,153,1324.0,1327.0,4,64,Away,d,False,392.0,392.0,0.0,PL18969000153,ZN0002,N10010,E18969001324,E18969001327,Possession > Pass > Zone_Entry_Exit > Zone_Entry_Exit,"1324,1325,1326,1327",687.0,688.0,N10008,N10010
PL1896900154,18969,SQ1896900065,154,1328.0,1328.0,1,65,Away,d,False,392.0,392.0,0.0,PL18969000154,ZN0002,N10010,E18969001328,E18969001328,Turnover,1328,688.0,688.0,N10008,N10010
PL1896900155,18969,SQ1896900065,155,1329.0,1332.0,4,65,Home,d,False,380.0,383.0,3.0,PL18969000155,ZN0002,N10008,E18969001329,E18969001332,Possession > Pass > Pass > Zone_Entry_Exit,"1329,1330,1331,1332",697.0,700.0,N10008,N10010
PL1896900156,18969,SQ1896900065,156,1333.0,1333.0,1,65,Home,n,False,379.0,377.0,-2.0,PL18969000156,ZN0003,N10008,E18969001333,E18969001333,Possession,1333,701.0,701.0,N10008,N10010
PL1896900157,18969,SQ1896900065,157,1334.0,1336.0,3,65,Home,o,True,374.0,376.0,2.0,PL18969000157,ZN0001,N10008,E18969001334,E18969001336,Zone_Entry_Exit > Pass > Shot,"1334,1335,1336",703.0,706.0,N10008,N10010
PL1896900158,18969,SQ1896900066,158,1337.0,1337.0,1,66,Home,o,False,374.0,374.0,0.0,PL18969000158,ZN0001,N10008,E18969001337,E18969001337,Turnover,1337,706.0,706.0,N10008,N10010
PL1896900159,18969,SQ1896900066,159,1338.0,1338.0,1,66,Away,d,False,372.0,372.0,0.0,PL18969000159,ZN0002,N10010,E18969001338,E18969001338,Zone_Entry_Exit,1338,708.0,708.0,N10008,N10010
PL1896900160,18969,SQ1896900067,160,1339.0,1339.0,1,67,Away,d,False,372.0,372.0,0.0,PL18969000160,ZN0002,N10010,E18969001339,E18969001339,Turnover,1339,708.0,708.0,N10008,N10010
PL1896900161,18969,SQ1896900067,161,1340.0,1342.0,3,67,Home,n,False,367.0,367.0,0.0,PL18969000161,ZN0003,N10008,E18969001340,E18969001342,Possession > Pass > Zone_Entry_Exit,"1340,1341,1342",711.0,713.0,N10008,N10010
PL1896900162,18969,SQ1896900067,162,1343.0,1344.0,2,67,Home,o,True,362.0,362.0,0.0,PL18969000162,ZN0001,N10008,E18969001343,E18969001344,Possession > Shot,"1343,1344",716.0,718.0,N10008,N10010
PL1896900163,18969,SQ1896900067,163,1345.0,1351.0,7,67,Away,d,False,354.0,362.0,8.0,PL18969000163,ZN0002,N10010,E18969001345,E18969001351,Save > Rebound > Possession > Pass > Possession > Pass > Zone_Entry_Exit,"1345,1346,1347,1348,1349,1350,1351",718.0,726.0,N10008,N10010
PL1896900164,18969,SQ1896900067,164,1352.0,1352.0,1,67,Away,o,False,354.0,354.0,0.0,PL18969000164,ZN0001,N10010,E18969001352,E18969001352,Zone_Entry_Exit,1352,726.0,726.0,N10008,N10010
PL1896900165,18969,SQ1896900067,165,1353.0,1353.0,1,67,Away,d,False,349.0,348.0,-1.0,PL18969000165,ZN0002,N10010,E18969001353,E18969001353,Possession,1353,731.0,731.0,N10008,N10010
PL1896900166,18969,SQ1896900067,166,1354.0,1355.0,2,67,Away,o,True,348.0,348.0,0.0,PL18969000166,ZN0001,N10010,E18969001354,E18969001355,Shot > Goal,"1354,1355",732.0,732.0,N10008,N10010
PL1896900167,18969,SQ1896900068,167,1356.0,1357.0,2,68,Away,o,False,348.0,348.0,0.0,PL18969000167,ZN0001,N10010,E18969001356,E18969001357,Stoppage > DeadIce,"1356,1357",732.0,732.0,N10008,N10010
PL1896900168,18969,SQ1896900069,168,1358.0,1363.0,6,69,Home,n,False,313.0,320.0,7.0,PL18969000168,ZN0003,N10008,E18969001358,E18969001363,Faceoff > Possession > Pass > Possession > Pass > Possession,"1358,1359,1360,1361,1362,1363",760.0,767.0,N10008,N10010
PL1896900169,18969,SQ1896900069,169,1364.0,1366.0,3,69,Home,o,True,310.0,311.0,1.0,PL18969000169,ZN0001,N10008,E18969001364,E18969001366,Zone_Entry_Exit > Pass > Shot,"1364,1365,1366",767.0,770.0,N10008,N10010
PL1896900170,18969,SQ1896900069,170,1367.0,1368.0,2,69,Away,d,False,310.0,310.0,0.0,PL18969000170,ZN0002,N10010,E18969001367,E18969001368,Save > Rebound,"1367,1368",770.0,770.0,N10008,N10010
PL1896900171,18969,SQ1896900069,171,1369.0,1377.0,9,69,Home,o,True,294.0,306.0,12.0,PL18969000171,ZN0001,N10008,E18969001369,E18969001377,Possession > Shot > Zone_Entry_Exit > Possession > Shot > Possession > Shot > Possession > Pass,"1369,1370,1371,1372,1373,1374,1375,1376,1377",774.0,786.0,N10008,N10010
PL1896900172,18969,SQ1896900070,172,1378.0,1378.0,1,70,Home,o,False,294.0,294.0,0.0,PL18969000172,ZN0001,N10008,E18969001378,E18969001378,Turnover,1378,786.0,786.0,N10008,N10010
PL1896900173,18969,SQ1896900070,173,1379.0,1379.0,1,70,Away,d,False,291.0,291.0,0.0,PL18969000173,ZN0002,N10010,E18969001379,E18969001379,Possession,1379,789.0,789.0,N10008,N10010
PL1896900174,18969,SQ1896900071,174,1380.0,1381.0,2,71,Away,d,False,289.0,289.0,0.0,PL18969000174,ZN0002,N10010,E18969001380,E18969001381,Stoppage > DeadIce,"1380,1381",791.0,791.0,N10008,N10010
PL1896900175,18969,SQ1896900072,175,1382.0,1383.0,2,72,Home,o,True,266.0,266.0,0.0,PL18969000175,ZN0001,N10008,E18969001382,E18969001383,Faceoff > Shot,"1382,1383",814.0,814.0,N10008,N10010
PL1896900176,18969,SQ1896900072,176,1384.0,1384.0,1,72,Away,d,False,266.0,266.0,0.0,PL18969000176,ZN0002,N10010,E18969001384,E18969001384,Save,1384,814.0,814.0,N10008,N10010
PL1896900177,18969,SQ1896900073,177,1385.0,1386.0,2,73,Away,d,False,265.0,265.0,0.0,PL18969000177,ZN0002,N10010,E18969001385,E18969001386,Stoppage > DeadIce,"1385,1386",815.0,815.0,N10008,N10010
PL1896900178,18969,SQ1896900074,178,1387.0,1390.0,4,74,Home,o,True,243.0,253.0,10.0,PL18969000178,ZN0001,N10008,E18969001387,E18969001390,Faceoff > Shot > Possession > Shot,"1387,1388,1389,1390",827.0,837.0,N10008,N10010
PL1896900179,18969,SQ1896900074,179,1391.0,1392.0,2,74,Away,d,False,243.0,243.0,0.0,PL18969000179,ZN0002,N10010,E18969001391,E18969001392,Save > Rebound,"1391,1392",837.0,837.0,N10008,N10010
PL1896900180,18969,SQ1896900074,180,1393.0,1396.0,4,74,Home,d,False,237.0,239.0,2.0,PL18969000180,ZN0002,N10008,E18969001393,E18969001396,Possession > Pass > Possession,"1393,1394,1395,1396",841.0,843.0,N10008,N10010
PL1896900181,18969,SQ1896900074,181,1397.0,1397.0,1,74,Home,o,False,237.0,237.0,0.0,PL18969000181,ZN0001,N10008,E18969001397,E18969001397,Pass,1397,843.0,843.0,N10008,N10010
PL1896900182,18969,SQ1896900075,182,1398.0,1401.0,4,75,Away,d,False,232.0,237.0,5.0,PL18969000182,ZN0002,N10010,E18969001398,E18969001401,Turnover > Possession > Zone_Entry_Exit > Pass,"1398,1399,1400,1401",843.0,848.0,N10008,N10010
PL1896900183,18969,SQ1896900076,183,1402.0,1402.0,1,76,Away,d,False,232.0,232.0,0.0,PL18969000183,ZN0002,N10010,E18969001402,E18969001402,Turnover,1402,848.0,848.0,N10008,N10010
PL1896900184,18969,SQ1896900076,184,1403.0,1403.0,1,76,Home,n,False,230.0,230.0,0.0,PL18969000184,ZN0003,N10008,E18969001403,E18969001403,Zone_Entry_Exit,1403,850.0,850.0,N10008,N10010
PL1896900185,18969,SQ1896900077,185,1404.0,1404.0,1,77,Home,n,False,230.0,230.0,0.0,PL18969000185,ZN0003,N10008,E18969001404,E18969001404,Turnover,1404,850.0,850.0,N10008,N10010
PL1896900186,18969,SQ1896900077,186,1405.0,1407.0,3,77,Away,d,False,226.0,227.0,1.0,PL18969000186,ZN0002,N10010,E18969001405,E18969001407,Possession > Pass > Zone_Entry_Exit,"1405,1406,1407",852.0,854.0,N10008,N10010
PL1896900187,18969,SQ1896900078,187,1408.0,1408.0,1,78,Away,d,False,226.0,226.0,0.0,PL18969000187,ZN0002,N10010,E18969001408,E18969001408,Turnover,1408,854.0,854.0,N10008,N10010
PL1896900188,18969,SQ1896900078,188,1409.0,1411.0,3,78,Home,o,False,218.0,226.0,8.0,PL18969000188,ZN0001,N10008,E18969001409,E18969001411,Zone_Entry_Exit > Possession > Pass,"1409,1410,1411",854.0,862.0,N10008,N10010
PL1896900189,18969,SQ1896900079,189,1412.0,1412.0,1,79,Home,d,False,218.0,218.0,0.0,PL18969000189,ZN0002,N10008,E18969001412,E18969001412,Turnover,1412,862.0,862.0,N10008,N10010
PL1896900190,18969,SQ1896900079,190,1413.0,1416.0,4,79,Away,d,False,211.0,215.0,4.0,PL18969000190,ZN0002,N10010,E18969001413,E18969001416,Possession > Pass > Pass > Zone_Entry_Exit,"1413,1414,1415,1416",865.0,869.0,N10008,N10010
PL1896900191,18969,SQ1896900079,191,1417.0,1419.0,3,79,Away,n,False,208.0,209.0,1.0,PL18969000191,ZN0003,N10010,E18969001417,E18969001419,Possession > Pass > Possession,"1417,1418,1419",870.0,872.0,N10008,N10010
PL1896900192,18969,SQ1896900079,192,1420.0,1424.0,5,79,Away,o,True,203.0,205.0,2.0,PL18969000192,ZN0001,N10010,E18969001420,E18969001424,Zone_Entry_Exit > Pass > Possession > Shot > Goal,"1420,1421,1422,1423,1424",873.0,877.0,N10008,N10010
PL1896900193,18969,SQ1896900080,193,1425.0,1426.0,2,80,Away,o,False,203.0,203.0,0.0,PL18969000193,ZN0001,N10010,E18969001425,E18969001426,Stoppage > DeadIce,"1425,1426",877.0,877.0,N10008,N10010
PL1896900194,18969,SQ1896900081,194,1427.0,1429.0,3,81,Home,n,False,173.0,177.0,4.0,PL18969000194,ZN0003,N10008,E18969001427,E18969001429,Faceoff > Possession > Pass,"1427,1428,1429",903.0,907.0,N10008,N10010
PL1896900195,18969,SQ1896900081,195,1430.0,1430.0,1,81,Home,o,False,172.0,170.0,-2.0,PL18969000195,ZN0001,N10008,E18969001430,E18969001430,Zone_Entry_Exit,1430,908.0,908.0,N10008,N10010
PL1896900196,18969,SQ1896900081,196,1431.0,1431.0,1,81,Away,o,True,170.0,170.0,0.0,PL18969000196,ZN0001,N10010,E18969001431,E18969001431,Shot,1431,910.0,910.0,N10008,N10010
PL1896900197,18969,SQ1896900081,197,1432.0,1432.0,1,81,Away,d,False,170.0,170.0,0.0,PL18969000197,ZN0002,N10010,E18969001432,E18969001432,Save,1432,910.0,910.0,N10008,N10010
PL1896900198,18969,SQ1896900082,198,1433.0,1434.0,2,82,Away,d,False,170.0,170.0,0.0,PL18969000198,ZN0002,N10010,E18969001433,E18969001434,Stoppage > DeadIce,"1433,1434",910.0,910.0,N10008,N10010
PL1896900199,18969,SQ1896900083,199,1435.0,1436.0,2,83,Away,d,False,148.0,150.0,2.0,PL18969000199,ZN0002,N10010,E18969001435,E18969001436,Faceoff > Possession,"1435,1436",930.0,932.0,N10008,N10010
PL1896900200,18969,SQ1896900084,200,1437.0,1438.0,2,84,Away,d,False,140.0,140.0,0.0,PL18969000200,ZN0002,N10010,E18969001437,E18969001438,Stoppage > DeadIce,"1437,1438",940.0,940.0,N10008,N10010
PL1896900201,18969,SQ1896900085,201,1439.0,1439.0,1,85,Home,,False,119.0,119.0,0.0,PL18969000201,,N10008,E18969001439,E18969001439,Faceoff,1439,961.0,961.0,N10008,N10010
PL1896900202,18969,SQ1896900085,202,1440.0,1440.0,1,85,Away,d,False,119.0,114.0,-5.0,PL18969000202,ZN0002,N10010,E18969001440,E18969001440,LoosePuck,1440,961.0,961.0,N10008,N10010
PL1896900203,18969,SQ1896900085,203,1441.0,1442.0,2,85,Home,o,True,113.0,114.0,1.0,PL18969000203,ZN0001,N10008,E18969001441,E18969001442,Possession > Shot,"1441,1442",966.0,967.0,N10008,N10010
PL1896900204,18969,SQ1896900085,204,1443.0,1445.0,3,85,Away,d,False,109.0,113.0,4.0,PL18969000204,ZN0002,N10010,E18969001443,E18969001445,Save > Rebound > Possession,"1443,1444,1445",967.0,971.0,N10008,N10010
PL1896900205,18969,SQ1896900086,205,1446.0,1446.0,1,86,Away,d,False,109.0,109.0,0.0,PL18969000205,ZN0002,N10010,E18969001446,E18969001446,Turnover,1446,971.0,971.0,N10008,N10010
PL1896900206,18969,SQ1896900086,206,1447.0,1452.0,6,86,Home,o,True,104.0,106.0,2.0,PL18969000206,ZN0001,N10008,E18969001447,E18969001452,Zone_Entry_Exit > Possession > Pass > Pass > Pass > Shot,"1447,1448,1449,1450,1451,1452",972.0,976.0,N10008,N10010
PL1896900207,18969,SQ1896900086,207,1453.0,1453.0,1,86,Away,d,False,104.0,104.0,0.0,PL18969000207,ZN0002,N10010,E18969001453,E18969001453,Save,1453,976.0,976.0,N10008,N10010
PL1896900208,18969,SQ1896900087,208,1454.0,1455.0,2,87,Away,d,False,104.0,104.0,0.0,PL18969000208,ZN0002,N10010,E18969001454,E18969001455,Stoppage > DeadIce,"1454,1455",976.0,976.0,N10008,N10010
PL1896900209,18969,SQ1896900088,209,1456.0,1460.0,5,88,Away,d,False,74.0,84.0,10.0,PL18969000209,ZN0002,N10010,E18969001456,E18969001460,Faceoff > Pass > Possession > Pass > Zone_Entry_Exit,"1456,1457,1458,1459,1460",996.0,1006.0,N10008,N10010
PL1896900210,18969,SQ1896900088,210,1461.0,1463.0,3,88,Away,n,False,68.0,68.0,0.0,PL18969000210,ZN0003,N10010,E18969001461,E18969001463,Possession > Pass > Possession,"1461,1462,1463",1006.0,1012.0,N10008,N10010
PL1896900211,18969,SQ1896900088,211,1464.0,1465.0,2,88,Away,o,True,65.0,65.0,0.0,PL18969000211,ZN0001,N10010,E18969001464,E18969001465,Zone_Entry_Exit > Shot,"1464,1465",1014.0,1015.0,N10008,N10010
PL1896900212,18969,SQ1896900089,212,1466.0,1467.0,2,89,Away,o,False,62.0,62.0,0.0,PL18969000212,ZN0001,N10010,E18969001466,E18969001467,Stoppage > DeadIce,"1466,1467",1018.0,1018.0,N10008,N10010
PL1896900213,18969,SQ1896900090,213,1468.0,1468.0,1,90,Away,o,False,42.0,42.0,0.0,PL18969000213,ZN0001,N10010,E18969001468,E18969001468,Faceoff,1468,1038.0,1038.0,N10008,N10010
PL1896900214,18969,SQ1896900090,214,1469.0,1469.0,1,90,Home,d,False,37.0,36.0,-1.0,PL18969000214,ZN0002,N10008,E18969001469,E18969001469,Possession,1469,1043.0,1043.0,N10008,N10010
PL1896900215,18969,SQ1896900090,215,1470.0,1470.0,1,90,Away,o,False,36.0,36.0,0.0,PL18969000215,ZN0001,N10010,E18969001470,E18969001470,Play,1470,1044.0,1044.0,N10008,N10010
PL1896900216,18969,SQ1896900090,216,1471.0,1473.0,3,90,Home,d,False,29.0,29.0,0.0,PL18969000216,ZN0002,N10008,E18969001471,E18969001473,Possession > Zone_Entry_Exit > Pass,"1471,1472,1473",1045.0,1051.0,N10008,N10010
PL1896900217,18969,SQ1896900090,217,1474.0,1474.0,1,90,Home,o,False,29.0,29.0,0.0,PL18969000217,ZN0001,N10008,E18969001474,E18969001474,Zone_Entry_Exit,1474,1051.0,1051.0,N10008,N10010
PL1896900218,18969,SQ1896900091,218,1475.0,1475.0,1,91,Home,d,False,29.0,29.0,0.0,PL18969000218,ZN0002,N10008,E18969001475,E18969001475,Turnover,1475,1051.0,1051.0,N10008,N10010
PL1896900219,18969,SQ1896900091,219,1476.0,1479.0,4,91,Away,d,False,24.0,24.0,0.0,PL18969000219,ZN0002,N10010,E18969001476,E18969001479,Possession > Pass > Zone_Entry_Exit > Zone_Entry_Exit,"1476,1477,1478,1479",1056.0,1056.0,N10008,N10010
PL1896900220,18969,SQ1896900092,220,1480.0,1480.0,1,92,Away,d,False,24.0,24.0,0.0,PL18969000220,ZN0002,N10010,E18969001480,E18969001480,Turnover,1480,1056.0,1056.0,N10008,N10010
PL1896900221,18969,SQ1896900092,221,1481.0,1483.0,3,92,Home,d,False,18.0,18.0,0.0,PL18969000221,ZN0002,N10008,E18969001481,E18969001483,Possession > Pass > Zone_Entry_Exit,"1481,1482,1483",1059.0,1062.0,N10008,N10010
PL1896900222,18969,SQ1896900093,222,1484.0,1484.0,1,93,Home,d,False,18.0,18.0,0.0,PL18969000222,ZN0002,N10008,E18969001484,E18969001484,Turnover,1484,1062.0,1062.0,N10008,N10010
PL1896900223,18969,SQ1896900093,223,1485.0,1486.0,2,93,Away,n,False,14.0,14.0,0.0,PL18969000223,ZN0003,N10010,E18969001485,E18969001486,Possession > Pass,"1485,1486",1064.0,1066.0,N10008,N10010
PL1896900224,18969,SQ1896900093,224,1487.0,1487.0,1,93,Away,o,False,14.0,12.0,-2.0,PL18969000224,ZN0001,N10010,E18969001487,E18969001487,Zone_Entry_Exit,1487,1066.0,1066.0,N10008,N10010
PL1896900225,18969,SQ1896900093,225,1488.0,1488.0,1,93,Away,o,False,12.0,12.0,0.0,PL18969000225,ZN0001,N10010,E18969001488,E18969001488,Pass,1488,1068.0,1068.0,N10008,N10010
PL1896900226,18969,SQ1896900094,226,1489.0,1489.0,1,94,Away,o,False,12.0,12.0,0.0,PL18969000226,ZN0001,N10010,E18969001489,E18969001489,Turnover,1489,1068.0,1068.0,N10008,N10010
PL1896900227,18969,SQ1896900094,227,1490.0,1491.0,2,94,Home,d,False,8.0,8.0,0.0,PL18969000227,ZN0002,N10008,E18969001490,E18969001491,Possession > Zone_Entry_Exit,"1490,1491",1070.0,1072.0,N10008,N10010
PL1896900228,18969,SQ1896900094,228,1492.0,1492.0,1,94,Home,n,False,8.0,6.0,-2.0,PL18969000228,ZN0003,N10008,E18969001492,E18969001492,Possession,1492,1072.0,1072.0,N10008,N10010
PL1896900229,18969,SQ1896900095,229,1493.0,1495.0,3,95,Away,n,False,3.0,6.0,3.0,PL18969000229,ZN0003,N10010,E18969001493,E18969001495,Turnover > Possession > Possession,"1493,1494,1495",1074.0,1077.0,N10008,N10010
PL1896900230,18969,SQ1896900096,230,1496.0,1496.0,1,96,Away,,False,0.0,0.0,0.0,PL18969000230,,N10010,E18969001496,E18969001496,Stoppage,1496,1080.0,1080.0,N10008,N10010
PL1896900231,18969,SQ1896900097,231,1497.0,1497.0,1,97,Away,,False,3339.0,3267.0,-72.0,PL18969000231,,N10010,E18969001497,E18969001497,Intermission,1497,1080.0,1080.0,N10008,N10010
PL1896900232,18969,SQ1896900098,232,1498.0,1498.0,1,98,Away,n,False,1080.0,1080.0,0.0,PL18969000232,ZN0003,N10010,E18969001498,E18969001498,Faceoff,1498,1152.0,1152.0,N10008,N10010
PL1896900233,18969,SQ1896900098,233,1499.0,1499.0,1,98,,o,False,1080.0,1080.0,0.0,PL18969000233,ZN0001,N10010,E18969001499,E18969001499,Zone_Entry_Exit,1499,1152.0,1152.0,N10008,N10010
PL1896900234,18969,SQ1896900098,234,1500.0,1505.0,6,98,Away,d,False,1072.0,1077.0,5.0,PL18969000234,ZN0002,N10010,E18969001500,E18969001505,Possession > Pass > Possession > Pass > Pass > Zone_Entry_Exit,"1500,1501,1502,1503,1504,1505",1155.0,1160.0,N10008,N10010
PL1896900235,18969,SQ1896900098,235,1506.0,1506.0,1,98,Away,n,False,1072.0,1068.0,-4.0,PL18969000235,ZN0003,N10010,E18969001506,E18969001506,Possession,1506,1160.0,1160.0,N10008,N10010
PL1896900236,18969,SQ1896900098,236,1507.0,1509.0,3,98,Away,o,False,1063.0,1067.0,4.0,PL18969000236,ZN0001,N10010,E18969001507,E18969001509,Zone_Entry_Exit > Pass > Possession,"1507,1508,1509",1164.0,1169.0,N10008,N10010
PL1896900237,18969,SQ1896900098,237,1510.0,1510.0,1,98,Away,o,False,1063.0,1063.0,0.0,PL18969000237,ZN0001,N10010,E18969001510,E18969001510,Pass,1510,1169.0,1169.0,N10008,N10010
PL1896900238,18969,SQ1896900099,238,1511.0,1511.0,1,99,Away,o,False,1063.0,1063.0,0.0,PL18969000238,ZN0001,N10010,E18969001511,E18969001511,Turnover,1511,1169.0,1169.0,N10008,N10010
PL1896900239,18969,SQ1896900099,239,1512.0,1513.0,2,99,Home,d,False,1057.0,1057.0,0.0,PL18969000239,ZN0002,N10008,E18969001512,E18969001513,Possession > Zone_Entry_Exit,"1512,1513",1170.0,1175.0,N10008,N10010
PL1896900240,18969,SQ1896900099,240,1514.0,1514.0,1,99,Home,n,False,1056.0,1054.0,-2.0,PL18969000240,ZN0003,N10008,E18969001514,E18969001514,Possession,1514,1176.0,1176.0,N10008,N10010
PL1896900241,18969,SQ1896900099,241,1515.0,1519.0,5,99,Home,o,True,1044.0,1051.0,7.0,PL18969000241,ZN0001,N10008,E18969001515,E18969001519,Zone_Entry_Exit > Shot > Zone_Entry_Exit > Possession > Shot,"1515,1516,1517,1518,1519",1178.0,1188.0,N10008,N10010
PL1896900242,18969,SQ1896900099,242,1520.0,1524.0,5,99,Away,d,False,1039.0,1044.0,5.0,PL18969000242,ZN0002,N10010,E18969001520,E18969001524,Save > Rebound > Possession > Pass > Zone_Entry_Exit,"1520,1521,1522,1523,1524",1188.0,1193.0,N10008,N10010
PL1896900243,18969,SQ1896900099,243,1525.0,1525.0,1,99,Away,n,False,1035.0,1035.0,0.0,PL18969000243,ZN0003,N10010,E18969001525,E18969001525,Possession,1525,1197.0,1197.0,N10008,N10010
PL1896900244,18969,SQ1896900099,244,1526.0,1526.0,1,99,Away,o,False,1035.0,1031.0,-4.0,PL18969000244,ZN0001,N10010,E18969001526,E18969001526,Zone_Entry_Exit,1526,1197.0,1197.0,N10008,N10010
PL1896900245,18969,SQ1896900100,245,1527.0,1529.0,3,100,Home,d,False,1027.0,1031.0,4.0,PL18969000245,ZN0002,N10008,E18969001527,E18969001529,Turnover > Possession > Zone_Entry_Exit,"1527,1528,1529",1201.0,1205.0,N10008,N10010
PL1896900246,18969,SQ1896900100,246,1530.0,1530.0,1,100,Home,n,False,1026.0,1024.0,-2.0,PL18969000246,ZN0003,N10008,E18969001530,E18969001530,Possession,1530,1206.0,1206.0,N10008,N10010
PL1896900247,18969,SQ1896900100,247,1531.0,1532.0,2,100,Home,o,False,1021.0,1021.0,0.0,PL18969000247,ZN0001,N10008,E18969001531,E18969001532,Zone_Entry_Exit > Pass,"1531,1532",1208.0,1211.0,N10008,N10010
PL1896900248,18969,SQ1896900101,248,1533.0,1533.0,1,101,Home,o,False,1021.0,1018.0,-3.0,PL18969000248,ZN0001,N10008,E18969001533,E18969001533,Turnover,1533,1211.0,1211.0,N10008,N10010
PL1896900249,18969,SQ1896900101,249,1534.0,1535.0,2,101,Away,d,False,1014.0,1014.0,0.0,PL18969000249,ZN0002,N10010,E18969001534,E18969001535,Possession > Zone_Entry_Exit,"1534,1535",1216.0,1218.0,N10008,N10010
PL1896900250,18969,SQ1896900101,250,1536.0,1536.0,1,101,Away,n,False,1013.0,1011.0,-2.0,PL18969000250,ZN0003,N10010,E18969001536,E18969001536,Possession,1536,1219.0,1219.0,N10008,N10010
PL1896900251,18969,SQ1896900101,251,1537.0,1541.0,5,101,Away,o,True,1004.0,1008.0,4.0,PL18969000251,ZN0001,N10010,E18969001537,E18969001541,Zone_Entry_Exit > Possession > Pass > Shot > Possession,"1537,1538,1539,1540,1541",1221.0,1228.0,N10008,N10010
PL1896900252,18969,SQ1896900102,252,1542.0,1542.0,1,102,Away,o,False,1004.0,1004.0,0.0,PL18969000252,ZN0001,N10010,E18969001542,E18969001542,Turnover,1542,1228.0,1228.0,N10008,N10010
PL1896900253,18969,SQ1896900102,253,1543.0,1544.0,2,102,Home,d,False,1003.0,1003.0,0.0,PL18969000253,ZN0002,N10008,E18969001543,E18969001544,Possession > Pass,"1543,1544",1228.0,1229.0,N10008,N10010
PL1896900254,18969,SQ1896900102,254,1545.0,1545.0,1,102,Home,d,False,1001.0,1001.0,0.0,PL18969000254,ZN0002,N10008,E18969001545,E18969001545,Pass,1545,1231.0,1231.0,N10008,N10010
PL1896900255,18969,SQ1896900103,255,1546.0,1546.0,1,103,Home,d,False,1001.0,1001.0,0.0,PL18969000255,ZN0002,N10008,E18969001546,E18969001546,Turnover,1546,1231.0,1231.0,N10008,N10010
PL1896900256,18969,SQ1896900103,256,1547.0,1548.0,2,103,Away,o,True,996.0,1001.0,5.0,PL18969000256,ZN0001,N10010,E18969001547,E18969001548,Zone_Entry_Exit > Shot,"1547,1548",1231.0,1236.0,N10008,N10010
PL1896900257,18969,SQ1896900103,257,1549.0,1549.0,1,103,Home,d,False,996.0,996.0,0.0,PL18969000257,ZN0002,N10008,E18969001549,E18969001549,Save,1549,1236.0,1236.0,N10008,N10010
PL1896900258,18969,SQ1896900104,258,1550.0,1551.0,2,104,Home,d,False,994.0,994.0,0.0,PL18969000258,ZN0002,N10008,E18969001550,E18969001551,Stoppage > DeadIce,"1550,1551",1238.0,1238.0,N10008,N10010
PL1896900259,18969,SQ1896900105,259,1552.0,1552.0,1,105,Away,o,False,974.0,974.0,0.0,PL18969000259,ZN0001,N10010,E18969001552,E18969001552,Faceoff,1552,1258.0,1258.0,N10008,N10010
PL1896900260,18969,SQ1896900105,260,1553.0,1553.0,1,105,Away,o,False,972.0,972.0,0.0,PL18969000260,ZN0001,N10010,E18969001553,E18969001553,Pass,1553,1260.0,1260.0,N10008,N10010
PL1896900261,18969,SQ1896900106,261,1554.0,1554.0,1,106,Away,o,False,972.0,972.0,0.0,PL18969000261,ZN0001,N10010,E18969001554,E18969001554,Turnover,1554,1260.0,1260.0,N10008,N10010
PL1896900262,18969,SQ1896900106,262,1555.0,1555.0,1,106,Home,d,False,970.0,969.0,-1.0,PL18969000262,ZN0002,N10008,E18969001555,E18969001555,Zone_Entry_Exit,1555,1262.0,1262.0,N10008,N10010
PL1896900263,18969,SQ1896900106,263,1556.0,1556.0,1,106,Home,n,False,969.0,967.0,-2.0,PL18969000263,ZN0003,N10008,E18969001556,E18969001556,Possession,1556,1263.0,1263.0,N10008,N10010
PL1896900264,18969,SQ1896900106,264,1557.0,1557.0,1,106,Home,o,False,967.0,964.0,-3.0,PL18969000264,ZN0001,N10008,E18969001557,E18969001557,Zone_Entry_Exit,1557,1265.0,1265.0,N10008,N10010
PL1896900265,18969,SQ1896900107,265,1558.0,1558.0,1,107,Home,o,False,964.0,964.0,0.0,PL18969000265,ZN0001,N10008,E18969001558,E18969001558,Turnover,1558,1268.0,1268.0,N10008,N10010
PL1896900266,18969,SQ1896900107,266,1559.0,1560.0,2,107,Away,d,False,958.0,958.0,0.0,PL18969000266,ZN0002,N10010,E18969001559,E18969001560,Possession > Zone_Entry_Exit,"1559,1560",1269.0,1274.0,N10008,N10010
PL1896900267,18969,SQ1896900107,267,1561.0,1562.0,2,107,Away,n,False,956.0,956.0,0.0,PL18969000267,ZN0003,N10010,E18969001561,E18969001562,Possession > Pass,"1561,1562",1275.0,1276.0,N10008,N10010
PL1896900268,18969,SQ1896900107,268,1563.0,1563.0,1,107,Home,n,False,956.0,953.0,-3.0,PL18969000268,ZN0003,N10008,E18969001563,E18969001563,Play,1563,1276.0,1276.0,N10008,N10010
PL1896900269,18969,SQ1896900107,269,1564.0,1567.0,4,107,Away,n,False,949.0,953.0,4.0,PL18969000269,ZN0003,N10010,E18969001564,E18969001567,Zone_Entry_Exit > Possession > Pass > Zone_Entry_Exit,"1564,1565,1566,1567",1276.0,1283.0,N10008,N10010
PL1896900270,18969,SQ1896900107,270,1568.0,1568.0,1,107,Away,o,True,949.0,949.0,0.0,PL18969000270,ZN0001,N10010,E18969001568,E18969001568,Shot,1568,1283.0,1283.0,N10008,N10010
PL1896900271,18969,SQ1896900108,271,1569.0,1569.0,1,108,Away,o,False,949.0,949.0,0.0,PL18969000271,ZN0001,N10010,E18969001569,E18969001569,Turnover,1569,1283.0,1283.0,N10008,N10010
PL1896900272,18969,SQ1896900108,272,1570.0,1570.0,1,108,Home,d,False,945.0,943.0,-2.0,PL18969000272,ZN0002,N10008,E18969001570,E18969001570,Possession,1570,1287.0,1287.0,N10008,N10010
PL1896900273,18969,SQ1896900109,273,1571.0,1571.0,1,109,Home,d,False,943.0,943.0,0.0,PL18969000273,ZN0002,N10008,E18969001571,E18969001571,Turnover,1571,1289.0,1289.0,N10008,N10010
PL1896900274,18969,SQ1896900109,274,1572.0,1575.0,4,109,Away,o,True,936.0,940.0,4.0,PL18969000274,ZN0001,N10010,E18969001572,E18969001575,Possession > Pass > Possession > Shot,"1572,1573,1574,1575",1292.0,1296.0,N10008,N10010
PL1896900275,18969,SQ1896900109,275,1576.0,1580.0,5,109,Home,d,False,933.0,936.0,3.0,PL18969000275,ZN0002,N10008,E18969001576,E18969001580,Save > Rebound > Possession > Pass > Zone_Entry_Exit,"1576,1577,1578,1579,1580",1296.0,1299.0,N10008,N10010
PL1896900276,18969,SQ1896900109,276,1581.0,1581.0,1,109,Home,n,False,932.0,929.0,-3.0,PL18969000276,ZN0003,N10008,E18969001581,E18969001581,Possession,1581,1300.0,1300.0,N10008,N10010
PL1896900277,18969,SQ1896900109,277,1582.0,1583.0,2,109,Home,o,True,928.0,928.0,0.0,PL18969000277,ZN0001,N10008,E18969001582,E18969001583,Zone_Entry_Exit > Shot,"1582,1583",1303.0,1304.0,N10008,N10010
PL1896900278,18969,SQ1896900109,278,1584.0,1591.0,8,109,Away,d,False,912.0,928.0,16.0,PL18969000278,ZN0002,N10010,E18969001584,E18969001591,Save > Rebound > Possession > Pass > Possession > Pass > Zone_Entry_Exit > Pass,"1584,1585,1586,1587,1588,1589,1590,1591",1304.0,1320.0,N10008,N10010
PL1896900279,18969,SQ1896900109,279,1592.0,1592.0,1,109,Away,o,True,912.0,912.0,0.0,PL18969000279,ZN0001,N10010,E18969001592,E18969001592,Shot,1592,1320.0,1320.0,N10008,N10010
PL1896900280,18969,SQ1896900109,280,1593.0,1597.0,5,109,Home,d,False,904.0,912.0,8.0,PL18969000280,ZN0002,N10008,E18969001593,E18969001597,Save > Rebound > Possession > Zone_Entry_Exit > Pass,"1593,1594,1595,1596,1597",1320.0,1328.0,N10008,N10010
PL1896900281,18969,SQ1896900109,281,1598.0,1598.0,1,109,Home,n,False,903.0,902.0,-1.0,PL18969000281,ZN0003,N10008,E18969001598,E18969001598,Possession,1598,1329.0,1329.0,N10008,N10010
PL1896900282,18969,SQ1896900109,282,1599.0,1606.0,8,109,Home,o,True,891.0,900.0,9.0,PL18969000282,ZN0001,N10008,E18969001599,E18969001606,Zone_Entry_Exit > Pass > Possession > Pass > Possession > Pass > Possession > Shot,"1599,1600,1601,1602,1603,1604,1605,1606",1331.0,1341.0,N10008,N10010
PL1896900283,18969,SQ1896900109,283,1607.0,1608.0,2,109,Away,d,False,891.0,891.0,0.0,PL18969000283,ZN0002,N10010,E18969001607,E18969001608,Save > Rebound,"1607,1608",1341.0,1341.0,N10008,N10010
PL1896900284,18969,SQ1896900109,284,1609.0,1611.0,3,109,Home,o,False,889.0,890.0,1.0,PL18969000284,ZN0001,N10008,E18969001609,E18969001611,Possession > Pass > Possession,"1609,1610,1611",1342.0,1343.0,N10008,N10010
PL1896900285,18969,SQ1896900110,285,1612.0,1614.0,3,110,Away,d,False,883.0,887.0,4.0,PL18969000285,ZN0002,N10010,E18969001612,E18969001614,Turnover > Possession > Zone_Entry_Exit,"1612,1613,1614",1345.0,1349.0,N10008,N10010
PL1896900286,18969,SQ1896900110,286,1615.0,1615.0,1,110,Away,n,False,882.0,881.0,-1.0,PL18969000286,ZN0003,N10010,E18969001615,E18969001615,Possession,1615,1350.0,1350.0,N10008,N10010
PL1896900287,18969,SQ1896900110,287,1616.0,1617.0,2,110,Away,o,True,878.0,878.0,0.0,PL18969000287,ZN0001,N10010,E18969001616,E18969001617,Zone_Entry_Exit > Shot,"1616,1617",1351.0,1354.0,N10008,N10010
PL1896900288,18969,SQ1896900111,288,1618.0,1619.0,2,111,Away,o,False,878.0,878.0,0.0,PL18969000288,ZN0001,N10010,E18969001618,E18969001619,Stoppage > DeadIce,"1618,1619",1354.0,1354.0,N10008,N10010
PL1896900289,18969,SQ1896900112,289,1620.0,1622.0,3,112,Home,d,False,852.0,855.0,3.0,PL18969000289,ZN0002,N10008,E18969001620,E18969001622,Faceoff > Possession > Zone_Entry_Exit,"1620,1621,1622",1377.0,1380.0,N10008,N10010
PL1896900290,18969,SQ1896900112,290,1623.0,1623.0,1,112,Away,o,False,852.0,852.0,0.0,PL18969000290,ZN0001,N10010,E18969001623,E18969001623,Zone_Entry_Exit,1623,1380.0,1380.0,N10008,N10010
PL1896900291,18969,SQ1896900112,291,1624.0,1624.0,1,112,Home,n,False,846.0,846.0,0.0,PL18969000291,ZN0003,N10008,E18969001624,E18969001624,Possession,1624,1386.0,1386.0,N10008,N10010
PL1896900292,18969,SQ1896900112,292,1625.0,1626.0,2,112,Home,o,False,844.0,844.0,0.0,PL18969000292,ZN0001,N10008,E18969001625,E18969001626,Zone_Entry_Exit > Pass,"1625,1626",1386.0,1388.0,N10008,N10010
PL1896900293,18969,SQ1896900113,293,1627.0,1628.0,2,113,Away,d,False,842.0,842.0,0.0,PL18969000293,ZN0002,N10010,E18969001627,E18969001628,Stoppage > DeadIce,"1627,1628",1390.0,1390.0,N10008,N10010
PL1896900294,18969,SQ1896900114,294,1629.0,1631.0,3,114,Home,o,False,823.0,826.0,3.0,PL18969000294,ZN0001,N10008,E18969001629,E18969001631,Faceoff > Possession > Pass,"1629,1630,1631",1406.0,1409.0,N10008,N10010
PL1896900295,18969,SQ1896900115,295,1632.0,1632.0,1,115,Home,o,False,823.0,823.0,0.0,PL18969000295,ZN0001,N10008,E18969001632,E18969001632,Turnover,1632,1409.0,1409.0,N10008,N10010
PL1896900296,18969,SQ1896900115,296,1633.0,1633.0,1,115,Away,d,False,820.0,820.0,0.0,PL18969000296,ZN0002,N10010,E18969001633,E18969001633,Possession,1633,1412.0,1412.0,N10008,N10010
PL1896900297,18969,SQ1896900116,297,1634.0,1634.0,1,116,Away,d,False,820.0,820.0,0.0,PL18969000297,ZN0002,N10010,E18969001634,E18969001634,Turnover,1634,1412.0,1412.0,N10008,N10010
PL1896900298,18969,SQ1896900116,298,1635.0,1638.0,4,116,Home,o,True,814.0,817.0,3.0,PL18969000298,ZN0001,N10008,E18969001635,E18969001638,Possession > Pass > Possession > Shot,"1635,1636,1637,1638",1414.0,1418.0,N10008,N10010
PL1896900299,18969,SQ1896900116,299,1639.0,1642.0,4,116,Away,d,False,812.0,814.0,2.0,PL18969000299,ZN0002,N10010,E18969001639,E18969001642,Save > Rebound > Possession > Zone_Entry_Exit,"1639,1640,1641,1642",1418.0,1420.0,N10008,N10010
PL1896900300,18969,SQ1896900117,300,1643.0,1643.0,1,117,Away,d,False,812.0,812.0,0.0,PL18969000300,ZN0002,N10010,E18969001643,E18969001643,Turnover,1643,1420.0,1420.0,N10008,N10010
PL1896900301,18969,SQ1896900117,301,1644.0,1646.0,3,117,Home,n,False,804.0,807.0,3.0,PL18969000301,ZN0003,N10008,E18969001644,E18969001646,Possession > Possession > Possession,"1644,1645,1646",1424.0,1428.0,N10008,N10010
PL1896900302,18969,SQ1896900117,302,1647.0,1647.0,1,117,Home,n,False,801.0,801.0,0.0,PL18969000302,ZN0003,N10008,E18969001647,E18969001647,Pass,1647,1431.0,1431.0,N10008,N10010
PL1896900303,18969,SQ1896900118,303,1648.0,1648.0,1,118,Home,n,False,801.0,801.0,0.0,PL18969000303,ZN0003,N10008,E18969001648,E18969001648,Turnover,1648,1431.0,1431.0,N10008,N10010
PL1896900304,18969,SQ1896900118,304,1649.0,1649.0,1,118,Away,n,False,800.0,797.0,-3.0,PL18969000304,ZN0003,N10010,E18969001649,E18969001649,Possession,1649,1432.0,1432.0,N10008,N10010
PL1896900305,18969,SQ1896900118,305,1650.0,1651.0,2,118,Away,o,True,797.0,794.0,-3.0,PL18969000305,ZN0001,N10010,E18969001650,E18969001651,Zone_Entry_Exit > Shot,"1650,1651",1435.0,1435.0,N10008,N10010
PL1896900306,18969,SQ1896900118,306,1652.0,1653.0,2,118,Home,d,False,797.0,794.0,-3.0,PL18969000306,ZN0002,N10008,E18969001652,E18969001653,Save > Rebound,"1652,1653",1435.0,1435.0,N10008,N10010
PL1896900307,18969,SQ1896900118,307,1654.0,1655.0,2,118,Away,o,True,790.0,790.0,0.0,PL18969000307,ZN0001,N10010,E18969001654,E18969001655,Possession > Shot,"1654,1655",1439.0,1442.0,N10008,N10010
PL1896900308,18969,SQ1896900119,308,1656.0,1657.0,2,119,Away,o,False,787.0,790.0,3.0,PL18969000308,ZN0001,N10010,E18969001656,E18969001657,Turnover > Zone_Entry_Exit,"1656,1657",1442.0,1445.0,N10008,N10010
PL1896900309,18969,SQ1896900119,309,1658.0,1659.0,2,119,Home,d,False,787.0,787.0,0.0,PL18969000309,ZN0002,N10008,E18969001658,E18969001659,Possession > Zone_Entry_Exit,"1658,1659",1445.0,1445.0,N10008,N10010
PL1896900310,18969,SQ1896900119,310,1660.0,1662.0,3,119,Away,n,False,776.0,781.0,5.0,PL18969000310,ZN0003,N10010,E18969001660,E18969001662,Possession > Pass > Possession,"1660,1661,1662",1449.0,1456.0,N10008,N10010
PL1896900311,18969,SQ1896900120,311,1663.0,1664.0,2,120,Away,n,False,772.0,772.0,0.0,PL18969000311,ZN0003,N10010,E18969001663,E18969001664,Stoppage > DeadIce,"1663,1664",1460.0,1460.0,N10008,N10010
PL1896900312,18969,SQ1896900121,312,1665.0,1667.0,3,121,Home,o,True,749.0,752.0,3.0,PL18969000312,ZN0001,N10008,E18969001665,E18969001667,Faceoff > Possession > Shot,"1665,1666,1667",1480.0,1483.0,N10008,N10010
PL1896900313,18969,SQ1896900121,313,1668.0,1669.0,2,121,Away,d,False,749.0,749.0,0.0,PL18969000313,ZN0002,N10010,E18969001668,E18969001669,Save > Rebound,"1668,1669",1483.0,1483.0,N10008,N10010
PL1896900314,18969,SQ1896900121,314,1670.0,1673.0,4,121,Home,o,True,743.0,746.0,3.0,PL18969000314,ZN0001,N10008,E18969001670,E18969001673,Possession > Pass > Pass > Shot,"1670,1671,1672,1673",1486.0,1489.0,N10008,N10010
PL1896900315,18969,SQ1896900121,315,1674.0,1675.0,2,121,Away,d,False,743.0,743.0,0.0,PL18969000315,ZN0002,N10010,E18969001674,E18969001675,Save > Rebound,"1674,1675",1489.0,1489.0,N10008,N10010
PL1896900316,18969,SQ1896900121,316,1676.0,1677.0,2,121,Home,o,True,741.0,742.0,1.0,PL18969000316,ZN0001,N10008,E18969001676,E18969001677,Possession > Shot,"1676,1677",1490.0,1491.0,N10008,N10010
PL1896900317,18969,SQ1896900121,317,1678.0,1678.0,1,121,Away,d,False,741.0,741.0,0.0,PL18969000317,ZN0002,N10010,E18969001678,E18969001678,Save,1678,1491.0,1491.0,N10008,N10010
PL1896900318,18969,SQ1896900122,318,1679.0,1680.0,2,122,Away,d,False,741.0,741.0,0.0,PL18969000318,ZN0002,N10010,E18969001679,E18969001680,Stoppage > DeadIce,"1679,1680",1491.0,1491.0,N10008,N10010
PL1896900319,18969,SQ1896900123,319,1681.0,1683.0,3,123,Away,d,False,711.0,717.0,6.0,PL18969000319,ZN0002,N10010,E18969001681,E18969001683,Faceoff > Possession > Pass,"1681,1682,1683",1515.0,1521.0,N10008,N10010
PL1896900320,18969,SQ1896900124,320,1684.0,1684.0,1,124,Away,d,False,711.0,711.0,0.0,PL18969000320,ZN0002,N10010,E18969001684,E18969001684,Turnover,1684,1521.0,1521.0,N10008,N10010
PL1896900321,18969,SQ1896900124,321,1685.0,1693.0,9,124,Home,o,True,692.0,708.0,16.0,PL18969000321,ZN0001,N10008,E18969001685,E18969001693,Zone_Entry_Exit > Possession > Pass > Possession > Pass > Possession > Pass > Possession > Shot,"1685,1686,1687,1688,1689,1690,1691,1692,1693",1524.0,1540.0,N10008,N10010
PL1896900322,18969,SQ1896900124,322,1694.0,1697.0,4,124,Away,d,False,686.0,692.0,6.0,PL18969000322,ZN0002,N10010,E18969001694,E18969001697,Save > Rebound > Possession > Possession,"1694,1695,1696,1697",1540.0,1546.0,N10008,N10010
PL1896900323,18969,SQ1896900124,323,1698.0,1698.0,1,124,Home,o,False,684.0,684.0,0.0,PL18969000323,ZN0001,N10008,E18969001698,E18969001698,Play,1698,1548.0,1548.0,N10008,N10010
PL1896900324,18969,SQ1896900124,324,1699.0,1699.0,1,124,Away,d,False,681.0,681.0,0.0,PL18969000324,ZN0002,N10010,E18969001699,E18969001699,Possession,1699,1551.0,1551.0,N10008,N10010
PL1896900325,18969,SQ1896900125,325,1700.0,1700.0,1,125,Away,d,False,680.0,680.0,0.0,PL18969000325,ZN0002,N10010,E18969001700,E18969001700,Turnover,1700,1552.0,1552.0,N10008,N10010
PL1896900326,18969,SQ1896900125,326,1701.0,1702.0,2,125,Home,o,False,678.0,678.0,0.0,PL18969000326,ZN0001,N10008,E18969001701,E18969001702,Zone_Entry_Exit > Possession,"1701,1702",1554.0,1554.0,N10008,N10010
PL1896900327,18969,SQ1896900126,327,1703.0,1706.0,4,126,Away,d,False,676.0,678.0,2.0,PL18969000327,ZN0002,N10010,E18969001703,E18969001706,Turnover > Possession > Zone_Entry_Exit > Zone_Entry_Exit,"1703,1704,1705,1706",1554.0,1556.0,N10008,N10010
PL1896900328,18969,SQ1896900127,328,1707.0,1707.0,1,127,Away,d,False,676.0,676.0,0.0,PL18969000328,ZN0002,N10010,E18969001707,E18969001707,Turnover,1707,1556.0,1556.0,N10008,N10010
PL1896900329,18969,SQ1896900127,329,1708.0,1708.0,1,127,Home,d,False,669.0,666.0,-3.0,PL18969000329,ZN0002,N10008,E18969001708,E18969001708,Possession,1708,1563.0,1563.0,N10008,N10010
PL1896900330,18969,SQ1896900127,330,1709.0,1710.0,2,127,Home,d,False,666.0,666.0,0.0,PL18969000330,ZN0002,N10008,E18969001709,E18969001710,Pass > Zone_Entry_Exit,"1709,1710",1566.0,1566.0,N10008,N10010
PL1896900331,18969,SQ1896900128,331,1711.0,1711.0,1,128,Home,d,False,666.0,666.0,0.0,PL18969000331,ZN0002,N10008,E18969001711,E18969001711,Turnover,1711,1566.0,1566.0,N10008,N10010
PL1896900332,18969,SQ1896900128,332,1712.0,1712.0,1,128,Away,n,False,664.0,663.0,-1.0,PL18969000332,ZN0003,N10010,E18969001712,E18969001712,Possession,1712,1568.0,1568.0,N10008,N10010
PL1896900333,18969,SQ1896900128,333,1713.0,1713.0,1,128,Away,o,False,663.0,662.0,-1.0,PL18969000333,ZN0001,N10010,E18969001713,E18969001713,Zone_Entry_Exit,1713,1569.0,1569.0,N10008,N10010
PL1896900334,18969,SQ1896900129,334,1714.0,1717.0,4,129,Home,d,False,659.0,662.0,3.0,PL18969000334,ZN0002,N10008,E18969001714,E18969001717,Turnover > Possession > Pass > Zone_Entry_Exit,"1714,1715,1716,1717",1570.0,1573.0,N10008,N10010
PL1896900335,18969,SQ1896900130,335,1718.0,1718.0,1,130,Home,d,False,659.0,659.0,0.0,PL18969000335,ZN0002,N10008,E18969001718,E18969001718,Turnover,1718,1573.0,1573.0,N10008,N10010
PL1896900336,18969,SQ1896900130,336,1719.0,1719.0,1,130,Home,n,False,656.0,656.0,0.0,PL18969000336,ZN0003,N10008,E18969001719,E18969001719,Zone_Entry_Exit,1719,1576.0,1576.0,N10008,N10010
PL1896900337,18969,SQ1896900130,337,1720.0,1720.0,1,130,Away,n,False,652.0,650.0,-2.0,PL18969000337,ZN0003,N10010,E18969001720,E18969001720,Possession,1720,1580.0,1580.0,N10008,N10010
PL1896900338,18969,SQ1896900130,338,1721.0,1721.0,1,130,Away,o,False,650.0,650.0,0.0,PL18969000338,ZN0001,N10010,E18969001721,E18969001721,Zone_Entry_Exit,1721,1582.0,1582.0,N10008,N10010
PL1896900339,18969,SQ1896900130,339,1722.0,1722.0,1,130,Home,d,False,650.0,650.0,0.0,PL18969000339,ZN0002,N10008,E18969001722,E18969001722,Play,1722,1582.0,1582.0,N10008,N10010
PL1896900340,18969,SQ1896900130,340,1723.0,1726.0,4,130,Away,o,True,645.0,646.0,1.0,PL18969000340,ZN0001,N10010,E18969001723,E18969001726,Possession > Shot > Possession > Pass,"1723,1724,1725,1726",1585.0,1587.0,N10008,N10010
PL1896900341,18969,SQ1896900130,341,1727.0,1727.0,1,130,Away,d,False,638.0,638.0,0.0,PL18969000341,ZN0002,N10010,E18969001727,E18969001727,Zone_Entry_Exit,1727,1594.0,1594.0,N10008,N10010
PL1896900342,18969,SQ1896900130,342,1728.0,1730.0,3,130,Away,n,False,633.0,636.0,3.0,PL18969000342,ZN0003,N10010,E18969001728,E18969001730,Possession > Pass > Zone_Entry_Exit,"1728,1729,1730",1594.0,1599.0,N10008,N10010
PL1896900343,18969,SQ1896900131,343,1731.0,1731.0,1,131,Away,n,False,633.0,633.0,0.0,PL18969000343,ZN0003,N10010,E18969001731,E18969001731,Turnover,1731,1599.0,1599.0,N10008,N10010
PL1896900344,18969,SQ1896900131,344,1732.0,1736.0,5,131,Home,d,False,624.0,629.0,5.0,PL18969000344,ZN0002,N10008,E18969001732,E18969001736,Possession > Pass > Possession > Pass > Zone_Entry_Exit,"1732,1733,1734,1735,1736",1602.0,1608.0,N10008,N10010
PL1896900345,18969,SQ1896900131,345,1737.0,1737.0,1,131,Home,n,False,621.0,621.0,0.0,PL18969000345,ZN0003,N10008,E18969001737,E18969001737,Possession,1737,1611.0,1611.0,N10008,N10010
PL1896900346,18969,SQ1896900131,346,1738.0,1744.0,7,131,Home,o,True,610.0,619.0,9.0,PL18969000346,ZN0001,N10008,E18969001738,E18969001744,Zone_Entry_Exit > Pass > Possession > Shot > Possession > Pass > Shot,"1738,1739,1740,1741,1742,1743,1744",1611.0,1622.0,N10008,N10010
PL1896900347,18969,SQ1896900132,347,1745.0,1745.0,1,132,Home,o,False,610.0,610.0,0.0,PL18969000347,ZN0001,N10008,E18969001745,E18969001745,Turnover,1745,1622.0,1622.0,N10008,N10010
PL1896900348,18969,SQ1896900132,348,1746.0,1746.0,1,132,Away,d,False,609.0,609.0,0.0,PL18969000348,ZN0002,N10010,E18969001746,E18969001746,Zone_Entry_Exit,1746,1623.0,1623.0,N10008,N10010
PL1896900349,18969,SQ1896900132,349,1747.0,1747.0,1,132,Home,n,False,608.0,605.0,-3.0,PL18969000349,ZN0003,N10008,E18969001747,E18969001747,Possession,1747,1624.0,1624.0,N10008,N10010
PL1896900350,18969,SQ1896900132,350,1748.0,1749.0,2,132,Home,o,True,602.0,602.0,0.0,PL18969000350,ZN0001,N10008,E18969001748,E18969001749,Zone_Entry_Exit > Shot,"1748,1749",1627.0,1630.0,N10008,N10010
PL1896900351,18969,SQ1896900132,351,1750.0,1751.0,2,132,Away,d,False,602.0,602.0,0.0,PL18969000351,ZN0002,N10010,E18969001750,E18969001751,Save > Rebound,"1750,1751",1630.0,1630.0,N10008,N10010
PL1896900352,18969,SQ1896900132,352,1752.0,1759.0,8,132,Home,o,True,586.0,596.0,10.0,PL18969000352,ZN0001,N10008,E18969001752,E18969001759,Possession > Pass > Possession > Shot > Possession > Pass > Possession > Shot,"1752,1753,1754,1755,1756,1757,1758,1759",1635.0,1646.0,N10008,N10010
PL1896900353,18969,SQ1896900132,353,1760.0,1764.0,5,132,Away,d,False,583.0,586.0,3.0,PL18969000353,ZN0002,N10010,E18969001760,E18969001764,Save > Rebound > Possession > Zone_Entry_Exit > Zone_Entry_Exit,"1760,1761,1762,1763,1764",1646.0,1649.0,N10008,N10010
PL1896900354,18969,SQ1896900133,354,1765.0,1765.0,1,133,Away,d,False,583.0,583.0,0.0,PL18969000354,ZN0002,N10010,E18969001765,E18969001765,Turnover,1765,1649.0,1649.0,N10008,N10010
PL1896900355,18969,SQ1896900133,355,1766.0,1769.0,4,133,Home,d,False,572.0,575.0,3.0,PL18969000355,ZN0002,N10008,E18969001766,E18969001769,Possession > Pass > Pass > Zone_Entry_Exit,"1766,1767,1768,1769",1655.0,1660.0,N10008,N10010
PL1896900356,18969,SQ1896900133,356,1770.0,1770.0,1,133,Away,n,False,571.0,570.0,-1.0,PL18969000356,ZN0003,N10010,E18969001770,E18969001770,Possession,1770,1661.0,1661.0,N10008,N10010
PL1896900357,18969,SQ1896900133,357,1771.0,1771.0,1,133,Away,o,False,570.0,568.0,-2.0,PL18969000357,ZN0001,N10010,E18969001771,E18969001771,Zone_Entry_Exit,1771,1662.0,1662.0,N10008,N10010
PL1896900358,18969,SQ1896900133,358,1772.0,1772.0,1,133,Home,d,False,568.0,568.0,0.0,PL18969000358,ZN0002,N10008,E18969001772,E18969001772,Play,1772,1664.0,1664.0,N10008,N10010
PL1896900359,18969,SQ1896900133,359,1773.0,1776.0,4,133,Away,o,False,563.0,567.0,4.0,PL18969000359,ZN0001,N10010,E18969001773,E18969001776,Possession > Pass > Possession > Pass,"1773,1774,1775,1776",1665.0,1669.0,N10008,N10010
PL1896900360,18969,SQ1896900134,360,1777.0,1777.0,1,134,Away,o,False,563.0,563.0,0.0,PL18969000360,ZN0001,N10010,E18969001777,E18969001777,Turnover,1777,1669.0,1669.0,N10008,N10010
PL1896900361,18969,SQ1896900134,361,1778.0,1778.0,1,134,Home,d,False,561.0,561.0,0.0,PL18969000361,ZN0002,N10008,E18969001778,E18969001778,Zone_Entry_Exit,1778,1671.0,1671.0,N10008,N10010
PL1896900362,18969,SQ1896900134,362,1779.0,1780.0,2,134,Away,n,False,557.0,557.0,0.0,PL18969000362,ZN0003,N10010,E18969001779,E18969001780,Possession > Zone_Entry_Exit,"1779,1780",1674.0,1675.0,N10008,N10010
PL1896900363,18969,SQ1896900135,363,1781.0,1781.0,1,135,Away,n,False,557.0,557.0,0.0,PL18969000363,ZN0003,N10010,E18969001781,E18969001781,Turnover,1781,1675.0,1675.0,N10008,N10010
PL1896900364,18969,SQ1896900135,364,1782.0,1782.0,1,135,Home,d,False,552.0,550.0,-2.0,PL18969000364,ZN0002,N10008,E18969001782,E18969001782,Possession,1782,1680.0,1680.0,N10008,N10010
PL1896900365,18969,SQ1896900135,365,1783.0,1783.0,1,135,Home,d,False,550.0,550.0,0.0,PL18969000365,ZN0002,N10008,E18969001783,E18969001783,Pass,1783,1682.0,1682.0,N10008,N10010
PL1896900366,18969,SQ1896900136,366,1784.0,1785.0,2,136,Home,d,False,550.0,550.0,0.0,PL18969000366,ZN0002,N10008,E18969001784,E18969001785,Turnover > Zone_Entry_Exit,"1784,1785",1682.0,1682.0,N10008,N10010
PL1896900367,18969,SQ1896900136,367,1786.0,1786.0,1,136,Away,o,False,547.0,547.0,0.0,PL18969000367,ZN0001,N10010,E18969001786,E18969001786,Zone_Entry_Exit,1786,1685.0,1685.0,N10008,N10010
PL1896900368,18969,SQ1896900137,368,1787.0,1787.0,1,137,Home,d,False,545.0,545.0,0.0,PL18969000368,ZN0002,N10008,E18969001787,E18969001787,Turnover,1787,1687.0,1687.0,N10008,N10010
PL1896900369,18969,SQ1896900137,369,1788.0,1789.0,2,137,Away,o,False,543.0,543.0,0.0,PL18969000369,ZN0001,N10010,E18969001788,E18969001789,Zone_Entry_Exit > Pass,"1788,1789",1689.0,1689.0,N10008,N10010
PL1896900370,18969,SQ1896900138,370,1790.0,1790.0,1,138,Away,o,False,543.0,543.0,0.0,PL18969000370,ZN0001,N10010,E18969001790,E18969001790,Turnover,1790,1689.0,1689.0,N10008,N10010
PL1896900371,18969,SQ1896900138,371,1791.0,1793.0,3,138,Home,d,False,538.0,538.0,0.0,PL18969000371,ZN0002,N10008,E18969001791,E18969001793,Possession > Pass > Zone_Entry_Exit,"1791,1792,1793",1691.0,1694.0,N10008,N10010
PL1896900372,18969,SQ1896900138,372,1794.0,1796.0,3,138,Home,o,False,535.0,535.0,0.0,PL18969000372,ZN0001,N10008,E18969001794,E18969001796,Zone_Entry_Exit > Pass > Possession,"1794,1795,1796",1696.0,1697.0,N10008,N10010
PL1896900373,18969,SQ1896900138,373,1797.0,1797.0,1,138,Away,d,False,534.0,534.0,0.0,PL18969000373,ZN0002,N10010,E18969001797,E18969001797,Play,1797,1698.0,1698.0,N10008,N10010
PL1896900374,18969,SQ1896900138,374,1798.0,1800.0,3,138,Home,o,False,529.0,533.0,4.0,PL18969000374,ZN0001,N10008,E18969001798,E18969001800,Possession > Pass > Possession,"1798,1799,1800",1699.0,1703.0,N10008,N10010
PL1896900375,18969,SQ1896900139,375,1801.0,1801.0,1,139,Home,o,False,529.0,529.0,0.0,PL18969000375,ZN0001,N10008,E18969001801,E18969001801,Turnover,1801,1703.0,1703.0,N10008,N10010
PL1896900376,18969,SQ1896900139,376,1802.0,1805.0,4,139,Away,d,False,522.0,525.0,3.0,PL18969000376,ZN0002,N10010,E18969001802,E18969001805,Possession > Pass > Possession > Pass,"1802,1803,1804,1805",1707.0,1710.0,N10008,N10010
PL1896900377,18969,SQ1896900140,377,1806.0,1807.0,2,140,Away,d,False,522.0,522.0,0.0,PL18969000377,ZN0002,N10010,E18969001806,E18969001807,Turnover > Zone_Entry_Exit,"1806,1807",1710.0,1710.0,N10008,N10010
PL1896900378,18969,SQ1896900140,378,1808.0,1810.0,3,140,Home,n,False,518.0,519.0,1.0,PL18969000378,ZN0003,N10008,E18969001808,E18969001810,Possession > Pass > Possession,"1808,1809,1810",1713.0,1714.0,N10008,N10010
PL1896900379,18969,SQ1896900141,379,1811.0,1813.0,3,141,Away,n,False,514.0,515.0,1.0,PL18969000379,ZN0003,N10010,E18969001811,E18969001813,Turnover > Possession > Pass,"1811,1812,1813",1717.0,1718.0,N10008,N10010
PL1896900380,18969,SQ1896900142,380,1814.0,1814.0,1,142,Away,n,False,514.0,514.0,0.0,PL18969000380,ZN0003,N10010,E18969001814,E18969001814,Turnover,1814,1718.0,1718.0,N10008,N10010
PL1896900381,18969,SQ1896900142,381,1815.0,1815.0,1,142,Home,n,False,513.0,511.0,-2.0,PL18969000381,ZN0003,N10008,E18969001815,E18969001815,Possession,1815,1719.0,1719.0,N10008,N10010
PL1896900382,18969,SQ1896900142,382,1816.0,1816.0,1,142,Home,o,False,511.0,509.0,-2.0,PL18969000382,ZN0001,N10008,E18969001816,E18969001816,Zone_Entry_Exit,1816,1721.0,1721.0,N10008,N10010
PL1896900383,18969,SQ1896900142,383,1817.0,1817.0,1,142,Away,d,False,509.0,509.0,0.0,PL18969000383,ZN0002,N10010,E18969001817,E18969001817,Play,1817,1723.0,1723.0,N10008,N10010
PL1896900384,18969,SQ1896900142,384,1818.0,1819.0,2,142,Home,o,False,505.0,505.0,0.0,PL18969000384,ZN0001,N10008,E18969001818,E18969001819,Possession > Pass,"1818,1819",1724.0,1727.0,N10008,N10010
PL1896900385,18969,SQ1896900143,385,1820.0,1820.0,1,143,Home,o,False,505.0,505.0,0.0,PL18969000385,ZN0001,N10008,E18969001820,E18969001820,Turnover,1820,1727.0,1727.0,N10008,N10010
PL1896900386,18969,SQ1896900143,386,1821.0,1822.0,2,143,Away,d,False,501.0,501.0,0.0,PL18969000386,ZN0002,N10010,E18969001821,E18969001822,Possession > Zone_Entry_Exit,"1821,1822",1730.0,1731.0,N10008,N10010
PL1896900387,18969,SQ1896900143,387,1823.0,1823.0,1,143,Away,n,False,500.0,498.0,-2.0,PL18969000387,ZN0003,N10010,E18969001823,E18969001823,Possession,1823,1732.0,1732.0,N10008,N10010
PL1896900388,18969,SQ1896900143,388,1824.0,1825.0,2,143,Away,o,True,496.0,496.0,0.0,PL18969000388,ZN0001,N10010,E18969001824,E18969001825,Zone_Entry_Exit > Shot,"1824,1825",1734.0,1736.0,N10008,N10010
PL1896900389,18969,SQ1896900143,389,1826.0,1830.0,5,143,Home,d,False,491.0,496.0,5.0,PL18969000389,ZN0002,N10008,E18969001826,E18969001830,Save > Rebound > Possession > Pass > Zone_Entry_Exit,"1826,1827,1828,1829,1830",1736.0,1741.0,N10008,N10010
PL1896900390,18969,SQ1896900143,390,1831.0,1831.0,1,143,Home,n,False,490.0,490.0,0.0,PL18969000390,ZN0003,N10008,E18969001831,E18969001831,Pass,1831,1742.0,1742.0,N10008,N10010
PL1896900391,18969,SQ1896900144,391,1832.0,1832.0,1,144,Home,n,False,490.0,490.0,0.0,PL18969000391,ZN0003,N10008,E18969001832,E18969001832,Turnover,1832,1742.0,1742.0,N10008,N10010
PL1896900392,18969,SQ1896900144,392,1833.0,1836.0,4,144,Away,n,False,482.0,485.0,3.0,PL18969000392,ZN0003,N10010,E18969001833,E18969001836,Possession > Pass > Possession > Zone_Entry_Exit,"1833,1834,1835,1836",1746.0,1750.0,N10008,N10010
PL1896900393,18969,SQ1896900145,393,1837.0,1838.0,2,145,Home,n,False,481.0,482.0,1.0,PL18969000393,ZN0003,N10008,E18969001837,E18969001838,Turnover > Possession,"1837,1838",1750.0,1751.0,N10008,N10010
PL1896900394,18969,SQ1896900145,394,1839.0,1841.0,3,145,Home,o,False,474.0,474.0,0.0,PL18969000394,ZN0001,N10008,E18969001839,E18969001841,Zone_Entry_Exit > Pass > Possession,"1839,1840,1841",1756.0,1758.0,N10008,N10010
PL1896900395,18969,SQ1896900145,395,1842.0,1842.0,1,145,Home,o,False,472.0,472.0,0.0,PL18969000395,ZN0001,N10008,E18969001842,E18969001842,Pass,1842,1760.0,1760.0,N10008,N10010
PL1896900396,18969,SQ1896900146,396,1843.0,1843.0,1,146,Home,o,False,472.0,472.0,0.0,PL18969000396,ZN0001,N10008,E18969001843,E18969001843,Turnover,1843,1760.0,1760.0,N10008,N10010
PL1896900397,18969,SQ1896900146,397,1844.0,1844.0,1,146,Away,d,False,470.0,470.0,0.0,PL18969000397,ZN0002,N10010,E18969001844,E18969001844,Zone_Entry_Exit,1844,1762.0,1762.0,N10008,N10010
PL1896900398,18969,SQ1896900146,398,1845.0,1848.0,4,146,Home,n,False,465.0,465.0,0.0,PL18969000398,ZN0003,N10008,E18969001845,E18969001848,Possession > Pass > Pass > Zone_Entry_Exit,"1845,1846,1847,1848",1767.0,1767.0,N10008,N10010
PL1896900399,18969,SQ1896900147,399,1849.0,1849.0,1,147,Home,n,False,465.0,465.0,0.0,PL18969000399,ZN0003,N10008,E18969001849,E18969001849,Turnover,1849,1767.0,1767.0,N10008,N10010
PL1896900400,18969,SQ1896900147,400,1850.0,1853.0,4,147,Away,d,False,454.0,458.0,4.0,PL18969000400,ZN0002,N10010,E18969001850,E18969001853,Possession > Pass > Pass > Zone_Entry_Exit,"1850,1851,1852,1853",1774.0,1778.0,N10008,N10010
PL1896900401,18969,SQ1896900147,401,1854.0,1854.0,1,147,Away,n,False,453.0,451.0,-2.0,PL18969000401,ZN0003,N10010,E18969001854,E18969001854,Possession,1854,1779.0,1779.0,N10008,N10010
PL1896900402,18969,SQ1896900147,402,1855.0,1858.0,4,147,Away,o,True,446.0,449.0,3.0,PL18969000402,ZN0001,N10010,E18969001855,E18969001858,Zone_Entry_Exit > Pass > Possession > Shot,"1855,1856,1857,1858",1781.0,1786.0,N10008,N10010
PL1896900403,18969,SQ1896900147,403,1859.0,1859.0,1,147,Home,d,False,446.0,446.0,0.0,PL18969000403,ZN0002,N10008,E18969001859,E18969001859,Save,1859,1786.0,1786.0,N10008,N10010
PL1896900404,18969,SQ1896900148,404,1860.0,1861.0,2,148,Home,d,False,445.0,445.0,0.0,PL18969000404,ZN0002,N10008,E18969001860,E18969001861,Stoppage > DeadIce,"1860,1861",1787.0,1787.0,N10008,N10010
PL1896900405,18969,SQ1896900149,405,1862.0,1863.0,2,149,Home,d,False,417.0,419.0,2.0,PL18969000405,ZN0002,N10008,E18969001862,E18969001863,Faceoff > Zone_Entry_Exit,"1862,1863",1813.0,1815.0,N10008,N10010
PL1896900406,18969,SQ1896900149,406,1864.0,1864.0,1,149,Away,n,False,414.0,411.0,-3.0,PL18969000406,ZN0003,N10010,E18969001864,E18969001864,Possession,1864,1818.0,1818.0,N10008,N10010
PL1896900407,18969,SQ1896900149,407,1865.0,1865.0,1,149,Away,n,False,411.0,411.0,0.0,PL18969000407,ZN0003,N10010,E18969001865,E18969001865,Pass,1865,1821.0,1821.0,N10008,N10010
PL1896900408,18969,SQ1896900150,408,1866.0,1866.0,1,150,Away,n,False,411.0,411.0,0.0,PL18969000408,ZN0003,N10010,E18969001866,E18969001866,Turnover,1866,1821.0,1821.0,N10008,N10010
PL1896900409,18969,SQ1896900150,409,1867.0,1869.0,3,150,Home,n,False,404.0,405.0,1.0,PL18969000409,ZN0003,N10008,E18969001867,E18969001869,Possession > Pass > Possession,"1867,1868,1869",1824.0,1828.0,N10008,N10010
PL1896900410,18969,SQ1896900150,410,1870.0,1873.0,4,150,Home,o,True,396.0,400.0,4.0,PL18969000410,ZN0001,N10008,E18969001870,E18969001873,Zone_Entry_Exit > Possession > Pass > Shot,"1870,1871,1872,1873",1830.0,1836.0,N10008,N10010
PL1896900411,18969,SQ1896900150,411,1874.0,1876.0,3,150,Away,d,False,384.0,384.0,0.0,PL18969000411,ZN0002,N10010,E18969001874,E18969001876,LoosePuck > Pass > Zone_Entry_Exit,"1874,1875,1876",1842.0,1848.0,N10008,N10010
PL1896900412,18969,SQ1896900151,412,1877.0,1877.0,1,151,Away,d,False,384.0,384.0,0.0,PL18969000412,ZN0002,N10010,E18969001877,E18969001877,Turnover,1877,1848.0,1848.0,N10008,N10010
PL1896900413,18969,SQ1896900151,413,1878.0,1882.0,5,151,Home,n,False,367.0,376.0,9.0,PL18969000413,ZN0003,N10008,E18969001878,E18969001882,Possession > Pass > Pass > Possession > Pass,"1878,1879,1880,1881,1882",1852.0,1865.0,N10008,N10010
PL1896900414,18969,SQ1896900152,414,1883.0,1883.0,1,152,Home,n,False,367.0,367.0,0.0,PL18969000414,ZN0003,N10008,E18969001883,E18969001883,Turnover,1883,1865.0,1865.0,N10008,N10010
PL1896900415,18969,SQ1896900152,415,1884.0,1886.0,3,152,Away,n,False,361.0,364.0,3.0,PL18969000415,ZN0003,N10010,E18969001884,E18969001886,Possession > Pass > Possession,"1884,1885,1886",1868.0,1871.0,N10008,N10010
PL1896900416,18969,SQ1896900152,416,1887.0,1889.0,3,152,Away,o,True,357.0,359.0,2.0,PL18969000416,ZN0001,N10010,E18969001887,E18969001889,Zone_Entry_Exit > Possession > Shot,"1887,1888,1889",1872.0,1875.0,N10008,N10010
PL1896900417,18969,SQ1896900152,417,1890.0,1890.0,1,152,Home,d,False,357.0,357.0,0.0,PL18969000417,ZN0002,N10008,E18969001890,E18969001890,Save,1890,1875.0,1875.0,N10008,N10010
PL1896900418,18969,SQ1896900153,418,1891.0,1892.0,2,153,Home,d,False,357.0,357.0,0.0,PL18969000418,ZN0002,N10008,E18969001891,E18969001892,Stoppage > DeadIce,"1891,1892",1875.0,1875.0,N10008,N10010
PL1896900419,18969,SQ1896900154,419,1893.0,1893.0,1,154,Away,o,False,334.0,334.0,0.0,PL18969000419,ZN0001,N10010,E18969001893,E18969001893,Faceoff,1893,1898.0,1898.0,N10008,N10010
PL1896900420,18969,SQ1896900154,420,1894.0,1894.0,1,154,Home,d,False,332.0,330.0,-2.0,PL18969000420,ZN0002,N10008,E18969001894,E18969001894,Possession,1894,1900.0,1900.0,N10008,N10010
PL1896900421,18969,SQ1896900154,421,1895.0,1895.0,1,154,Home, d,False,330.0,330.0,0.0,PL18969000421,ZN0002,N10008,E18969001895,E18969001895,Pass,1895,1902.0,1902.0,N10008,N10010
PL1896900422,18969,SQ1896900155,422,1896.0,1896.0,1,155,Home, d,False,330.0,330.0,0.0,PL18969000422,ZN0002,N10008,E18969001896,E18969001896,Turnover,1896,1902.0,1902.0,N10008,N10010
PL1896900423,18969,SQ1896900155,423,1897.0,1902.0,6,155,Away,o,False,322.0,328.0,6.0,PL18969000423,ZN0001,N10010,E18969001897,E18969001902,Zone_Entry_Exit > Possession > Pass > Possession > Play > Possession,"1897,1898,1899,1900,1901,1902",1904.0,1910.0,N10008,N10010
PL1896900424,18969,SQ1896900156,424,1903.0,1903.0,1,156,Away,o,False,322.0,322.0,0.0,PL18969000424,ZN0001,N10010,E18969001903,E18969001903,Turnover,1903,1910.0,1910.0,N10008,N10010
PL1896900425,18969,SQ1896900156,425,1904.0,1905.0,2,156,Home,d,False,317.0,317.0,0.0,PL18969000425,ZN0002,N10008,E18969001904,E18969001905,Possession > Zone_Entry_Exit,"1904,1905",1913.0,1915.0,N10008,N10010
PL1896900426,18969,SQ1896900156,426,1906.0,1907.0,2,156,Home,n,False,314.0,316.0,2.0,PL18969000426,ZN0003,N10008,E18969001906,E18969001907,Pass > Possession,"1906,1907",1916.0,1918.0,N10008,N10010
PL1896900427,18969,SQ1896900157,427,1908.0,1909.0,2,157,Away,n,False,311.0,312.0,1.0,PL18969000427,ZN0003,N10010,E18969001908,E18969001909,Turnover > Possession,"1908,1909",1920.0,1921.0,N10008,N10010
PL1896900428,18969,SQ1896900158,428,1910.0,1910.0,1,158,Away,n,False,311.0,311.0,0.0,PL18969000428,ZN0003,N10010,E18969001910,E18969001910,Turnover,1910,1921.0,1921.0,N10008,N10010
PL1896900429,18969,SQ1896900158,429,1911.0,1911.0,1,158,Home,n,False,308.0,305.0,-3.0,PL18969000429,ZN0003,N10008,E18969001911,E18969001911,Possession,1911,1924.0,1924.0,N10008,N10010
PL1896900430,18969,SQ1896900158,430,1912.0,1912.0,1,158,Away,n,False,305.0,305.0,0.0,PL18969000430,ZN0003,N10010,E18969001912,E18969001912,Play,1912,1927.0,1927.0,N10008,N10010
PL1896900431,18969,SQ1896900158,431,1913.0,1913.0,1,158,Home,n,False,304.0,303.0,-1.0,PL18969000431,ZN0003,N10008,E18969001913,E18969001913,Possession,1913,1928.0,1928.0,N10008,N10010
PL1896900432,18969,SQ1896900158,432,1914.0,1915.0,2,158,Home,o,False,301.0,301.0,0.0,PL18969000432,ZN0001,N10008,E18969001914,E18969001915,Zone_Entry_Exit > Pass,"1914,1915",1929.0,1931.0,N10008,N10010
PL1896900433,18969,SQ1896900158,433,1916.0,1916.0,1,158,Away,d,False,297.0,297.0,0.0,PL18969000433,ZN0002,N10010,E18969001916,E18969001916,Zone_Entry_Exit,1916,1935.0,1935.0,N10008,N10010
PL1896900434,18969,SQ1896900158,434,1917.0,1918.0,2,158,Home,n,False,295.0,295.0,0.0,PL18969000434,ZN0003,N10008,E18969001917,E18969001918,Possession > Zone_Entry_Exit,"1917,1918",1937.0,1937.0,N10008,N10010
PL1896900435,18969,SQ1896900159,435,1919.0,1919.0,1,159,Home,n,False,295.0,295.0,0.0,PL18969000435,ZN0003,N10008,E18969001919,E18969001919,Turnover,1919,1937.0,1937.0,N10008,N10010
PL1896900436,18969,SQ1896900159,436,1920.0,1923.0,4,159,Away,d,False,287.0,289.0,2.0,PL18969000436,ZN0002,N10010,E18969001920,E18969001923,Possession > Pass > Pass > Zone_Entry_Exit,"1920,1921,1922,1923",1941.0,1945.0,N10008,N10010
PL1896900437,18969,SQ1896900159,437,1924.0,1925.0,2,159,Away,o,False,282.0,282.0,0.0,PL18969000437,ZN0001,N10010,E18969001924,E18969001925,Zone_Entry_Exit > Pass,"1924,1925",1946.0,1950.0,N10008,N10010
PL1896900438,18969,SQ1896900160,438,1926.0,1926.0,1,160,Away,o,False,282.0,282.0,0.0,PL18969000438,ZN0001,N10010,E18969001926,E18969001926,Turnover,1926,1950.0,1950.0,N10008,N10010
PL1896900439,18969,SQ1896900160,439,1927.0,1928.0,2,160,Home,d,False,275.0,275.0,0.0,PL18969000439,ZN0002,N10008,E18969001927,E18969001928,Possession > Pass,"1927,1928",1955.0,1957.0,N10008,N10010
PL1896900440,18969,SQ1896900161,440,1929.0,1929.0,1,161,Home,d,False,275.0,275.0,0.0,PL18969000440,ZN0002,N10008,E18969001929,E18969001929,Turnover,1929,1957.0,1957.0,N10008,N10010
PL1896900441,18969,SQ1896900161,441,1930.0,1931.0,2,161,Away,o,True,273.0,273.0,0.0,PL18969000441,ZN0001,N10010,E18969001930,E18969001931,Possession > Shot,"1930,1931",1959.0,1959.0,N10008,N10010
PL1896900442,18969,SQ1896900161,442,1932.0,1936.0,5,161,Home,d,False,268.0,273.0,5.0,PL18969000442,ZN0002,N10008,E18969001932,E18969001936,Save > Rebound > Possession > Pass > Possession,"1932,1933,1934,1935,1936",1959.0,1964.0,N10008,N10010
PL1896900443,18969,SQ1896900161,443,1937.0,1937.0,1,161,Away,o,False,267.0,267.0,0.0,PL18969000443,ZN0001,N10010,E18969001937,E18969001937,Zone_Entry_Exit,1937,1965.0,1965.0,N10008,N10010
PL1896900444,18969,SQ1896900161,444,1938.0,1938.0,1,161,Home,d,False,267.0,267.0,0.0,PL18969000444,ZN0002,N10008,E18969001938,E18969001938,Zone_Entry_Exit,1938,1965.0,1965.0,N10008,N10010
PL1896900445,18969,SQ1896900161,445,1939.0,1939.0,1,161,Home,n,False,265.0,263.0,-2.0,PL18969000445,ZN0003,N10008,E18969001939,E18969001939,Possession,1939,1967.0,1967.0,N10008,N10010
PL1896900446,18969,SQ1896900161,446,1940.0,1941.0,2,161,Home,o,True,260.0,260.0,0.0,PL18969000446,ZN0001,N10008,E18969001940,E18969001941,Zone_Entry_Exit > Shot,"1940,1941",1969.0,1972.0,N10008,N10010
PL1896900447,18969,SQ1896900161,447,1942.0,1942.0,1,161,Away,d,False,260.0,260.0,0.0,PL18969000447,ZN0002,N10010,E18969001942,E18969001942,Save,1942,1972.0,1972.0,N10008,N10010
PL1896900448,18969,SQ1896900162,448,1943.0,1944.0,2,162,Away,d,False,260.0,260.0,0.0,PL18969000448,ZN0002,N10010,E18969001943,E18969001944,Stoppage > DeadIce,"1943,1944",1972.0,1972.0,N10008,N10010
PL1896900449,18969,SQ1896900163,449,1945.0,1951.0,7,163,Home,o,True,229.0,237.0,8.0,PL18969000449,ZN0001,N10008,E18969001945,E18969001951,Faceoff > Pass > Shot > Possession > Pass > Possession > Shot,"1945,1946,1947,1948,1949,1950,1951",1995.0,2003.0,N10008,N10010
PL1896900450,18969,SQ1896900163,450,1952.0,1953.0,2,163,Away,d,False,229.0,229.0,0.0,PL18969000450,ZN0002,N10010,E18969001952,E18969001953,Save > Rebound,"1952,1953",2003.0,2003.0,N10008,N10010
PL1896900451,18969,SQ1896900163,451,1954.0,1958.0,5,163,Home,o,True,220.0,227.0,7.0,PL18969000451,ZN0001,N10008,E18969001954,E18969001958,Possession > Shot > Possession > Pass > Shot,"1954,1955,1956,1957,1958",2004.0,2012.0,N10008,N10010
PL1896900452,18969,SQ1896900164,452,1959.0,1959.0,1,164,Home,o,False,220.0,220.0,0.0,PL18969000452,ZN0001,N10008,E18969001959,E18969001959,Turnover,1959,2012.0,2012.0,N10008,N10010
PL1896900453,18969,SQ1896900164,453,1960.0,1960.0,1,164,Away,d,False,217.0,215.0,-2.0,PL18969000453,ZN0002,N10010,E18969001960,E18969001960,Possession,1960,2015.0,2015.0,N10008,N10010
PL1896900454,18969,SQ1896900165,454,1961.0,1961.0,1,165,Away,d,False,215.0,215.0,0.0,PL18969000454,ZN0002,N10010,E18969001961,E18969001961,Turnover,1961,2017.0,2017.0,N10008,N10010
PL1896900455,18969,SQ1896900165,455,1962.0,1964.0,3,165,Home,o,False,212.0,214.0,2.0,PL18969000455,ZN0001,N10008,E18969001962,E18969001964,Zone_Entry_Exit > Possession > Pass,"1962,1963,1964",2018.0,2020.0,N10008,N10010
PL1896900456,18969,SQ1896900165,456,1965.0,1965.0,1,165,Away,d,False,212.0,212.0,0.0,PL18969000456,ZN0002,N10010,E18969001965,E18969001965,Zone_Entry_Exit,1965,2020.0,2020.0,N10008,N10010
PL1896900457,18969,SQ1896900165,457,1966.0,1967.0,2,165,Home,n,False,206.0,206.0,0.0,PL18969000457,ZN0003,N10008,E18969001966,E18969001967,Possession > Pass,"1966,1967",2023.0,2026.0,N10008,N10010
PL1896900458,18969,SQ1896900165,458,1968.0,1971.0,4,165,Home,o,True,197.0,202.0,5.0,PL18969000458,ZN0001,N10008,E18969001968,E18969001971,Zone_Entry_Exit > Pass > Possession > Shot,"1968,1969,1970,1971",2026.0,2035.0,N10008,N10010
PL1896900459,18969,SQ1896900165,459,1972.0,1973.0,2,165,Away,d,False,197.0,197.0,0.0,PL18969000459,ZN0002,N10010,E18969001972,E18969001973,Save > Rebound,"1972,1973",2035.0,2035.0,N10008,N10010
PL1896900460,18969,SQ1896900165,460,1974.0,1976.0,3,165,Home,o,True,194.0,195.0,1.0,PL18969000460,ZN0001,N10008,E18969001974,E18969001976,Possession > Shot > Goal,"1974,1975,1976",2036.0,2038.0,N10008,N10010
PL1896900461,18969,SQ1896900166,461,1977.0,1978.0,2,166,Home,o,False,194.0,194.0,0.0,PL18969000461,ZN0001,N10008,E18969001977,E18969001978,Stoppage > DeadIce,"1977,1978",2038.0,2038.0,N10008,N10010
PL1896900462,18969,SQ1896900167,462,1979.0,1982.0,4,167,Away,n,False,165.0,167.0,2.0,PL18969000462,ZN0003,N10010,E18969001979,E18969001982,Faceoff > Possession > Pass > Zone_Entry_Exit,"1979,1980,1981,1982",2065.0,2067.0,N10008,N10010
PL1896900463,18969,SQ1896900168,463,1983.0,1983.0,1,168,Away,n,False,165.0,165.0,0.0,PL18969000463,ZN0003,N10010,E18969001983,E18969001983,Turnover,1983,2067.0,2067.0,N10008,N10010
PL1896900464,18969,SQ1896900168,464,1984.0,1985.0,2,168,Home,d,False,156.0,156.0,0.0,PL18969000464,ZN0002,N10008,E18969001984,E18969001985,Possession > Zone_Entry_Exit,"1984,1985",2076.0,2076.0,N10008,N10010
PL1896900465,18969,SQ1896900169,465,1986.0,1986.0,1,169,Home,d,False,156.0,156.0,0.0,PL18969000465,ZN0002,N10008,E18969001986,E18969001986,Turnover,1986,2076.0,2076.0,N10008,N10010
PL1896900466,18969,SQ1896900169,466,1987.0,1990.0,4,169,Away,n,False,147.0,150.0,3.0,PL18969000466,ZN0003,N10010,E18969001987,E18969001990,Possession > Pass > Possession > Pass,"1987,1988,1989,1990",2082.0,2085.0,N10008,N10010
PL1896900467,18969,SQ1896900169,467,1991.0,1992.0,2,169,Away,o,False,143.0,143.0,0.0,PL18969000467,ZN0001,N10010,E18969001991,E18969001992,Zone_Entry_Exit > Pass,"1991,1992",2087.0,2089.0,N10008,N10010
PL1896900468,18969,SQ1896900169,468,1993.0,1993.0,1,169,Home,d,False,143.0,143.0,0.0,PL18969000468,ZN0002,N10008,E18969001993,E18969001993,Zone_Entry_Exit,1993,2089.0,2089.0,N10008,N10010
PL1896900469,18969,SQ1896900169,469,1994.0,1995.0,2,169,Away,n,False,139.0,139.0,0.0,PL18969000469,ZN0003,N10010,E18969001994,E18969001995,Possession > Zone_Entry_Exit,"1994,1995",2093.0,2093.0,N10008,N10010
PL1896900470,18969,SQ1896900170,470,1996.0,1996.0,1,170,Away,n,False,139.0,139.0,0.0,PL18969000470,ZN0003,N10010,E18969001996,E18969001996,Turnover,1996,2093.0,2093.0,N10008,N10010
PL1896900471,18969,SQ1896900170,471,1997.0,1998.0,2,170,Home,d,False,133.0,133.0,0.0,PL18969000471,ZN0002,N10008,E18969001997,E18969001998,Possession > Pass,"1997,1998",2097.0,2099.0,N10008,N10010
PL1896900472,18969,SQ1896900170,472,1999.0,1999.0,1,170,Home,o,False,133.0,133.0,0.0,PL18969000472,ZN0001,N10008,E18969001999,E18969001999,Zone_Entry_Exit,1999,2099.0,2099.0,N10008,N10010
PL1896900473,18969,SQ1896900170,473,2000.0,2006.0,7,170,Away,n,False,119.0,126.0,7.0,PL18969000473,ZN0003,N10010,E18969002000,E18969002006,Possession > Pass > Possession > Pass > Possession > Pass > Zone_Entry_Exit,"2000,2001,2002,2003,2004,2005,2006",2105.0,2113.0,N10008,N10010
PL1896900474,18969,SQ1896900170,474,2007.0,2007.0,1,170,Away,o,False,118.0,117.0,-1.0,PL18969000474,ZN0001,N10010,E18969002007,E18969002007,Possession,2007,2114.0,2114.0,N10008,N10010
PL1896900475,18969,SQ1896900171,475,2008.0,2009.0,2,171,Home,d,False,116.0,117.0,1.0,PL18969000475,ZN0002,N10008,E18969002008,E18969002009,Turnover > Possession,"2008,2009",2115.0,2116.0,N10008,N10010
PL1896900476,18969,SQ1896900172,476,2010.0,2017.0,8,172,Away,o,False,100.0,115.0,15.0,PL18969000476,ZN0001,N10010,E18969002010,E18969002017,Turnover > Possession > Possession > Possession > Pass > Possession > Pass > Possession,"2010,2011,2012,2013,2014,2015,2016,2017",2117.0,2132.0,N10008,N10010
PL1896900477,18969,SQ1896900172,477,2018.0,2018.0,1,172,Home,d,False,95.0,95.0,0.0,PL18969000477,ZN0002,N10008,E18969002018,E18969002018,Penalty,2018,2137.0,2137.0,N10008,N10010
PL1896900478,18969,SQ1896900173,478,2019.0,2020.0,2,173,Home,d,False,95.0,95.0,0.0,PL18969000478,ZN0002,N10008,E18969002019,E18969002020,Stoppage > DeadIce,"2019,2020",2137.0,2137.0,N10008,N10010
PL1896900479,18969,SQ1896900174,479,2021.0,2031.0,11,174,Away,o,True,40.0,55.0,15.0,PL18969000479,ZN0001,N10010,E18969002021,E18969002031,Faceoff > Possession > Pass > Possession > Pass > Possession > Pass > Possession > Pass > Possession > Shot,"2021,2022,2023,2024,2025,2026,2027,2028,2029,2030,2031",2177.0,2192.0,N10008,N10010
PL1896900480,18969,SQ1896900174,480,2032.0,2032.0,1,174,Home,d,False,40.0,40.0,0.0,PL18969000480,ZN0002,N10008,E18969002032,E18969002032,Zone_Entry_Exit,2032,2192.0,2192.0,N10008,N10010
PL1896900481,18969,SQ1896900174,481,2033.0,2035.0,3,174,Away,n,False,36.0,38.0,2.0,PL18969000481,ZN0003,N10010,E18969002033,E18969002035,Possession > Pass > Zone_Entry_Exit,"2033,2034,2035",2194.0,2196.0,N10008,N10010
PL1896900482,18969,SQ1896900175,482,2036.0,2036.0,1,175,Away,n,False,36.0,36.0,0.0,PL18969000482,ZN0003,N10010,E18969002036,E18969002036,Turnover,2036,2196.0,2196.0,N10008,N10010
PL1896900483,18969,SQ1896900175,483,2037.0,2041.0,5,175,Home,d,False,30.0,34.0,4.0,PL18969000483,ZN0002,N10008,E18969002037,E18969002041,Possession > Pass > Pass > Zone_Entry_Exit > Zone_Entry_Exit,"2037,2038,2039,2040,2041",2198.0,2202.0,N10008,N10010
PL1896900484,18969,SQ1896900175,484,2042.0,2045.0,4,175,Away,d,False,30.0,34.0,4.0,PL18969000484,ZN0002,N10010,E18969002042,E18969002045,Possession > Pass > Possession > Pass,"2042,2043,2044,2045",2198.0,2202.0,N10008,N10010
PL1896900485,18969,SQ1896900176,485,2046.0,2047.0,2,176,Away,d,False,25.0,25.0,0.0,PL18969000485,ZN0002,N10010,E18969002046,E18969002047,Stoppage > DeadIce,"2046,2047",2207.0,2207.0,N10008,N10010
PL1896900486,18969,SQ1896900177,486,2048.0,2048.0,1,177,Away,,False,1.0,0.0,-1.0,PL18969000486,,N10010,E18969002048,E18969002048,Stoppage,2048,2231.0,2231.0,N10008,N10010
PL1896900487,18969,SQ1896900178,487,2049.0,2049.0,1,178,,,False,873.0,819.0,-54.0,PL18969000487,,N10010,E18969002049,E18969002049,Intermission,2049,2231.0,2231.0,N10008,N10010
PL1896900488,18969,SQ1896900179,488,2050.0,2051.0,2,179,Home,n,False,1079.0,1080.0,1.0,PL18969000488,ZN0003,N10008,E18969002050,E18969002051,Faceoff > Zone_Entry_Exit,"2050,2051",2296.0,2297.0,N10008,N10010
PL1896900489,18969,SQ1896900179,489,2052.0,2054.0,3,179,Away,d,False,1070.0,1070.0,0.0,PL18969000489,ZN0002,N10010,E18969002052,E18969002054,Possession > Pass > Zone_Entry_Exit,"2052,2053,2054",2302.0,2306.0,N10008,N10010
PL1896900490,18969,SQ1896900179,490,2055.0,2055.0,1,179,Away,n,False,1067.0,1064.0,-3.0,PL18969000490,ZN0003,N10010,E18969002055,E18969002055,Possession,2055,2309.0,2309.0,N10008,N10010
PL1896900491,18969,SQ1896900179,491,2056.0,2056.0,1,179,Away,o,False,1064.0,1063.0,-1.0,PL18969000491,ZN0001,N10010,E18969002056,E18969002056,Zone_Entry_Exit,2056,2312.0,2312.0,N10008,N10010
PL1896900492,18969,SQ1896900180,492,2057.0,2058.0,2,180,Home,d,False,1062.0,1062.0,0.0,PL18969000492,ZN0002,N10008,E18969002057,E18969002058,Turnover > Possession,"2057,2058",2314.0,2314.0,N10008,N10010
PL1896900493,18969,SQ1896900181,493,2059.0,2059.0,1,181,Home,,False,1061.0,1061.0,0.0,PL18969000493,,N10008,E18969002059,E18969002059,Turnover,2059,2315.0,2315.0,N10008,N10010
PL1896900494,18969,SQ1896900181,494,2060.0,2068.0,9,181,Away,o,True,1048.0,1058.0,10.0,PL18969000494,ZN0001,N10010,E18969002060,E18969002068,Zone_Entry_Exit > Possession > Pass > Possession > Pass > Possession > Pass > Shot > Goal,"2060,2061,2062,2063,2064,2065,2066,2067,2068",2318.0,2328.0,N10008,N10010
PL1896900495,18969,SQ1896900182,495,2069.0,2070.0,2,182,Away,o,False,1048.0,1048.0,0.0,PL18969000495,ZN0001,N10010,E18969002069,E18969002070,Stoppage > DeadIce,"2069,2070",2328.0,2328.0,N10008,N10010
PL1896900496,18969,SQ1896900183,496,2071.0,2072.0,2,183,Home,n,False,1020.0,1021.0,1.0,PL18969000496,ZN0003,N10008,E18969002071,E18969002072,Faceoff > Possession,"2071,2072",2328.0,2356.0,N10008,N10010
PL1896900497,18969,SQ1896900183,497,2073.0,2074.0,2,183,Home,o,True,1017.0,1017.0,0.0,PL18969000497,ZN0001,N10008,E18969002073,E18969002074,Zone_Entry_Exit > Shot,"2073,2074",2358.0,2359.0,N10008,N10010
PL1896900498,18969,SQ1896900184,498,2075.0,2075.0,1,184,Home,o,False,1017.0,1017.0,0.0,PL18969000498,ZN0001,N10008,E18969002075,E18969002075,Turnover,2075,2359.0,2359.0,N10008,N10010
PL1896900499,18969,SQ1896900184,499,2076.0,2080.0,5,184,Away,d,False,1007.0,1013.0,6.0,PL18969000499,ZN0002,N10010,E18969002076,E18969002080,Possession > Pass > Possession > Pass > Zone_Entry_Exit,"2076,2077,2078,2079,2080",2362.0,2369.0,N10008,N10010
