play_id,game_id,sequence_id,play_index,first_event,last_event,event_count,sequence_index,team,zone,has_shot,start_seconds,end_seconds,duration_seconds
PL1896900002,18969,SQ1896900002,2,1000.0,1000.0,1,2,,,False,,,
PL1896900003,18969,SQ1896900003,3,1001.0,1005.0,5,3,Home,n,False,1069.0,1080.0,11.0
PL1896900004,18969,SQ1896900004,4,1006.0,1006.0,1,4,Home,n,False,1069.0,1069.0,0.0
PL1896900005,18969,SQ1896900004,5,1007.0,1009.0,3,4,Away,d,False,1061.0,1061.0,0.0
PL1896900006,18969,SQ1896900004,6,1010.0,1010.0,1,4,Away,n,False,1059.0,1057.0,-2.0
PL1896900007,18969,SQ1896900004,7,1011.0,1015.0,5,4,Away,o,True,1048.0,1053.0,5.0
PL1896900008,18969,SQ1896900005,8,1016.0,1016.0,1,5,Away,o,False,1047.0,1047.0,0.0
PL1896900009,18969,SQ1896900005,9,1017.0,1019.0,3,5,Home,d,False,1040.0,1040.0,0.0
PL1896900010,18969,SQ1896900005,10,1020.0,1021.0,2,5,Home,n,False,1035.0,1035.0,0.0
PL1896900011,18969,SQ1896900005,11,1022.0,1023.0,2,5,Home,o,False,1028.0,1028.0,0.0
PL1896900012,18969,SQ1896900006,12,1024.0,1024.0,1,6,Away,d,False,1025.0,1025.0,0.0
PL1896900013,18969,SQ1896900007,13,1025.0,1025.0,1,7,Away,d,False,1022.0,1022.0,0.0
PL1896900014,18969,SQ1896900007,14,1026.0,1032.0,7,7,Home,o,True,1008.0,1019.0,11.0
PL1896900015,18969,SQ1896900007,15,1033.0,1037.0,5,7,Away,d,False,1002.0,1008.0,6.0
PL1896900016,18969,SQ1896900007,16,1038.0,1039.0,2,7,Away,n,False,1000.0,1000.0,0.0
PL1896900017,18969,SQ1896900008,17,1040.0,1041.0,2,8,Away,n,False,995.0,995.0,0.0
PL1896900018,18969,SQ1896900009,18,1042.0,1043.0,2,9,Home,o,True,972.0,974.0,2.0
PL1896900019,18969,SQ1896900009,19,1044.0,1045.0,2,9,Away,d,False,972.0,972.0,0.0
PL1896900020,18969,SQ1896900009,20,1046.0,1052.0,7,9,Home,o,False,955.0,967.0,12.0
PL1896900021,18969,SQ1896900009,21,1053.0,1053.0,1,9,Away,d,False,955.0,955.0,0.0
PL1896900022,18969,SQ1896900009,22,1054.0,1057.0,4,9,Home,n,False,949.0,950.0,1.0
PL1896900023,18969,SQ1896900009,23,1058.0,1058.0,1,9,Home,o,False,948.0,943.0,-5.0
PL1896900024,18969,SQ1896900010,24,1059.0,1059.0,1,10,Home,o,False,943.0,943.0,0.0
PL1896900025,18969,SQ1896900010,25,1060.0,1064.0,5,10,Away,d,False,939.0,942.0,3.0
PL1896900026,18969,SQ1896900010,26,1065.0,1066.0,2,10,Away,n,False,937.0,937.0,0.0
PL1896900027,18969,SQ1896900011,27,1067.0,1067.0,1,11,Away,n,False,937.0,937.0,0.0
PL1896900028,18969,SQ1896900011,28,1068.0,1070.0,3,11,Home,d,False,932.0,932.0,0.0
PL1896900029,18969,SQ1896900012,29,1071.0,1071.0,1,12,Home,d,False,932.0,932.0,0.0
PL1896900030,18969,SQ1896900012,30,1072.0,1074.0,3,12,Away,n,False,927.0,927.0,0.0
PL1896900031,18969,SQ1896900012,31,1075.0,1075.0,1,12,Away,o,False,923.0,923.0,0.0
PL1896900032,18969,SQ1896900013,32,1076.0,1076.0,1,13,Away,o,False,923.0,923.0,0.0
PL1896900033,18969,SQ1896900013,33,1077.0,1079.0,3,13,Home,d,False,914.0,918.0,4.0
PL1896900034,18969,SQ1896900014,34,1080.0,1080.0,1,14,Home,d,False,912.0,912.0,0.0
PL1896900035,18969,SQ1896900014,35,1081.0,1083.0,3,14,Away,o,False,904.0,906.0,2.0
PL1896900036,18969,SQ1896900015,36,1084.0,1084.0,1,15,Away,o,False,904.0,904.0,0.0
PL1896900037,18969,SQ1896900015,37,1085.0,1085.0,1,15,Home,d,False,902.0,899.0,-3.0
PL1896900038,18969,SQ1896900016,38,1086.0,1086.0,1,16,Home,d,False,899.0,899.0,0.0
PL1896900039,18969,SQ1896900016,39,1087.0,1089.0,3,16,Away,o,False,894.0,894.0,0.0
PL1896900040,18969,SQ1896900017,40,1090.0,1090.0,1,17,Away,o,False,894.0,894.0,0.0
PL1896900041,18969,SQ1896900017,41,1091.0,1094.0,4,17,Home,d,False,885.0,887.0,2.0
PL1896900042,18969,SQ1896900017,42,1095.0,1095.0,1,17,Home,n,False,885.0,882.0,-3.0
PL1896900043,18969,SQ1896900017,43,1096.0,1096.0,1,17,Home,o,False,882.0,880.0,-2.0
PL1896900044,18969,SQ1896900018,44,1097.0,1098.0,2,18,Away,d,False,880.0,880.0,0.0
PL1896900045,18969,SQ1896900018,45,1099.0,1099.0,1,18,Home,n,False,876.0,874.0,-2.0
PL1896900046,18969,SQ1896900019,46,1100.0,1100.0,1,19,Away,n,False,874.0,874.0,0.0
PL1896900047,18969,SQ1896900019,47,1101.0,1102.0,2,19,Home,n,False,873.0,874.0,1.0
PL1896900048,18969,SQ1896900020,48,1103.0,1103.0,1,20,Away,n,False,873.0,871.0,-2.0
PL1896900049,18969,SQ1896900021,49,1104.0,1105.0,2,21,Away,n,False,871.0,871.0,0.0
PL1896900050,18969,SQ1896900022,50,1106.0,1112.0,7,22,Away,d,False,838.0,848.0,10.0
PL1896900051,18969,SQ1896900022,51,1113.0,1113.0,1,22,Home,o,False,838.0,838.0,0.0
PL1896900052,18969,SQ1896900023,52,1114.0,1116.0,3,23,Home,o,False,836.0,838.0,2.0
PL1896900053,18969,SQ1896900024,53,1117.0,1118.0,2,24,Away,d,False,831.0,835.0,4.0
PL1896900054,18969,SQ1896900025,54,1119.0,1119.0,1,25,Away,d,False,831.0,831.0,0.0
PL1896900055,18969,SQ1896900025,55,1120.0,1121.0,2,25,Home,o,False,830.0,830.0,0.0
PL1896900056,18969,SQ1896900026,56,1122.0,1122.0,1,26,Home,o,False,827.0,827.0,0.0
PL1896900057,18969,SQ1896900026,57,1123.0,1124.0,2,26,Away,d,False,826.0,826.0,0.0
PL1896900058,18969,SQ1896900027,58,1125.0,1125.0,1,27,Away,d,False,819.0,819.0,0.0
PL1896900059,18969,SQ1896900027,59,1126.0,1128.0,3,27,Home,o,True,813.0,813.0,0.0
PL1896900060,18969,SQ1896900027,60,1129.0,1130.0,2,27,Away,d,False,813.0,813.0,0.0
PL1896900061,18969,SQ1896900028,61,1131.0,1131.0,1,28,Away,d,False,813.0,813.0,0.0
PL1896900062,18969,SQ1896900028,62,1132.0,1134.0,3,28,Home,o,True,808.0,812.0,4.0
PL1896900063,18969,SQ1896900028,63,1135.0,1136.0,2,28,Away,d,False,808.0,808.0,0.0
PL1896900064,18969,SQ1896900028,64,1137.0,1138.0,2,28,Home,o,False,799.0,799.0,0.0
PL1896900065,18969,SQ1896900028,65,1139.0,1139.0,1,28,Away,d,False,798.0,796.0,-2.0
PL1896900066,18969,SQ1896900029,66,1140.0,1142.0,3,29,Home,o,False,793.0,796.0,3.0
PL1896900067,18969,SQ1896900029,67,1143.0,1145.0,3,29,Away,d,False,787.0,788.0,1.0
PL1896900068,18969,SQ1896900030,68,1146.0,1146.0,1,30,Away,d,False,787.0,787.0,0.0
PL1896900069,18969,SQ1896900030,69,1147.0,1149.0,3,30,Home,n,False,782.0,782.0,0.0
PL1896900070,18969,SQ1896900030,70,1150.0,1151.0,2,30,Home,o,True,776.0,776.0,0.0
PL1896900071,18969,SQ1896900031,71,1152.0,1152.0,1,31,Home,o,False,776.0,776.0,0.0
PL1896900072,18969,SQ1896900031,72,1153.0,1155.0,3,31,Away,d,False,770.0,771.0,1.0
PL1896900073,18969,SQ1896900031,73,1156.0,1156.0,1,31,Away,n,False,769.0,769.0,0.0
PL1896900074,18969,SQ1896900031,74,1157.0,1158.0,2,31,Away,o,True,764.0,764.0,0.0
PL1896900075,18969,SQ1896900031,75,1159.0,1162.0,4,31,Home,d,False,762.0,764.0,2.0
PL1896900076,18969,SQ1896900031,76,1163.0,1165.0,3,31,Home,n,False,757.0,757.0,0.0
PL1896900077,18969,SQ1896900031,77,1166.0,1167.0,2,31,Home,o,False,755.0,755.0,0.0
PL1896900078,18969,SQ1896900032,78,1168.0,1168.0,1,32,Home,o,False,755.0,755.0,0.0
PL1896900079,18969,SQ1896900032,79,1169.0,1169.0,1,32,Away,d,False,751.0,748.0,-3.0
PL1896900080,18969,SQ1896900033,80,1170.0,1170.0,1,33,Home,o,False,745.0,745.0,0.0
PL1896900081,18969,SQ1896900034,81,1171.0,1171.0,1,34,Home,o,False,744.0,744.0,0.0
PL1896900082,18969,SQ1896900034,82,1172.0,1172.0,1,34,Away,d,False,739.0,739.0,0.0
PL1896900083,18969,SQ1896900035,83,1173.0,1173.0,1,35,Away,d,False,739.0,739.0,0.0
PL1896900084,18969,SQ1896900035,84,1174.0,1176.0,3,35,Home,o,True,732.0,733.0,1.0
PL1896900085,18969,SQ1896900035,85,1177.0,1178.0,2,35,Away,d,False,732.0,732.0,0.0
PL1896900086,18969,SQ1896900035,86,1179.0,1190.0,12,35,Home,o,True,711.0,727.0,16.0
PL1896900087,18969,SQ1896900036,87,1191.0,1192.0,2,36,Home,o,False,710.0,711.0,1.0
PL1896900088,18969,SQ1896900037,88,1193.0,1196.0,4,37,Home,n,False,680.0,687.0,7.0
PL1896900089,18969,SQ1896900038,89,1197.0,1198.0,2,38,Home,n,False,680.0,680.0,0.0
PL1896900090,18969,SQ1896900039,90,1199.0,1200.0,2,39,Home,d,False,654.0,657.0,3.0
PL1896900091,18969,SQ1896900040,91,1201.0,1201.0,1,40,Home,d,False,652.0,652.0,0.0
PL1896900092,18969,SQ1896900040,92,1202.0,1203.0,2,40,Away,o,True,649.0,649.0,0.0
PL1896900093,18969,SQ1896900041,93,1204.0,1204.0,1,41,Away,o,False,649.0,649.0,0.0
PL1896900094,18969,SQ1896900041,94,1205.0,1206.0,2,41,Home,d,False,647.0,647.0,0.0
PL1896900095,18969,SQ1896900041,95,1207.0,1210.0,4,41,Home,n,False,642.0,646.0,4.0
PL1896900096,18969,SQ1896900041,96,1211.0,1211.0,1,41,Home,o,False,641.0,641.0,0.0
PL1896900097,18969,SQ1896900042,97,1212.0,1212.0,1,42,Home,o,False,641.0,641.0,0.0
PL1896900098,18969,SQ1896900042,98,1213.0,1215.0,3,42,Away,d,False,631.0,634.0,3.0
PL1896900099,18969,SQ1896900042,99,1216.0,1216.0,1,42,Away,n,False,630.0,628.0,-2.0
PL1896900100,18969,SQ1896900042,100,1217.0,1218.0,2,42,Away,o,True,624.0,624.0,0.0
PL1896900101,18969,SQ1896900042,101,1219.0,1219.0,1,42,Home,d,False,624.0,624.0,0.0
PL1896900102,18969,SQ1896900043,102,1220.0,1221.0,2,43,Home,d,False,624.0,624.0,0.0
PL1896900103,18969,SQ1896900044,103,1222.0,1222.0,1,44,Home,d,False,606.0,606.0,0.0
PL1896900104,18969,SQ1896900045,104,1223.0,1223.0,1,45,Home,d,False,603.0,603.0,0.0
PL1896900105,18969,SQ1896900045,105,1224.0,1226.0,3,45,Away,o,True,599.0,600.0,1.0
PL1896900106,18969,SQ1896900045,106,1227.0,1227.0,1,45,Home,d,False,599.0,599.0,0.0
PL1896900107,18969,SQ1896900046,107,1228.0,1229.0,2,46,Home,d,False,597.0,597.0,0.0
PL1896900108,18969,SQ1896900047,108,1230.0,1233.0,4,47,Home,d,False,578.0,585.0,7.0
PL1896900109,18969,SQ1896900048,109,1234.0,1234.0,1,48,Home,n,False,578.0,578.0,0.0
PL1896900110,18969,SQ1896900048,110,1235.0,1236.0,2,48,Away,n,False,574.0,575.0,1.0
PL1896900111,18969,SQ1896900048,111,1237.0,1239.0,3,48,Home,n,False,568.0,570.0,2.0
PL1896900112,18969,SQ1896900049,112,1240.0,1240.0,1,49,Home,n,False,568.0,568.0,0.0
PL1896900113,18969,SQ1896900049,113,1241.0,1243.0,3,49,Away,d,False,562.0,563.0,1.0
PL1896900114,18969,SQ1896900049,114,1244.0,1244.0,1,49,Away,n,False,561.0,561.0,0.0
PL1896900115,18969,SQ1896900050,115,1245.0,1245.0,1,50,Away,n,False,561.0,561.0,0.0
PL1896900116,18969,SQ1896900050,116,1246.0,1246.0,1,50,Home,n,False,558.0,557.0,-1.0
PL1896900117,18969,SQ1896900051,117,1247.0,1248.0,2,51,Away,n,False,555.0,556.0,1.0
PL1896900118,18969,SQ1896900051,118,1249.0,1249.0,1,51,Home,n,False,555.0,555.0,0.0
PL1896900119,18969,SQ1896900051,119,1250.0,1251.0,2,51,Away,n,False,551.0,551.0,0.0
PL1896900120,18969,SQ1896900051,120,1252.0,1252.0,1,51,Home,n,False,550.0,550.0,0.0
PL1896900121,18969,SQ1896900051,121,1253.0,1255.0,3,51,Away,n,False,549.0,549.0,0.0
PL1896900122,18969,SQ1896900052,122,1256.0,1256.0,1,52,Away,n,False,549.0,549.0,0.0
PL1896900123,18969,SQ1896900052,123,1257.0,1260.0,4,52,Home,d,False,541.0,543.0,2.0
PL1896900124,18969,SQ1896900053,124,1261.0,1261.0,1,53,Home,d,False,541.0,541.0,0.0
PL1896900125,18969,SQ1896900053,125,1262.0,1263.0,2,53,Away,o,False,539.0,539.0,0.0
PL1896900126,18969,SQ1896900054,126,1264.0,1264.0,1,54,Home,o,False,538.0,538.0,0.0
PL1896900127,18969,SQ1896900054,127,1265.0,1267.0,3,54,Home,d,False,534.0,535.0,1.0
PL1896900128,18969,SQ1896900054,128,1268.0,1269.0,2,54,Home,n,False,532.0,533.0,1.0
PL1896900129,18969,SQ1896900054,129,1270.0,1270.0,1,54,Home,o,False,530.0,528.0,-2.0
PL1896900130,18969,SQ1896900055,130,1271.0,1272.0,2,55,Away,d,False,526.0,528.0,2.0
PL1896900131,18969,SQ1896900055,131,1273.0,1274.0,2,55,Away,d,False,524.0,524.0,0.0
PL1896900132,18969,SQ1896900056,132,1275.0,1275.0,1,56,Away,d,False,524.0,524.0,0.0
PL1896900133,18969,SQ1896900056,133,1276.0,1277.0,2,56,Home,n,False,522.0,522.0,0.0
PL1896900134,18969,SQ1896900057,134,1278.0,1278.0,1,57,Home,n,False,522.0,522.0,0.0
PL1896900135,18969,SQ1896900057,135,1279.0,1280.0,2,57,Away,n,False,518.0,519.0,1.0
PL1896900136,18969,SQ1896900058,136,1281.0,1281.0,1,58,Away,n,False,518.0,518.0,0.0
PL1896900137,18969,SQ1896900058,137,1282.0,1282.0,1,58,Home,n,False,516.0,513.0,-3.0
PL1896900138,18969,SQ1896900058,138,1283.0,1286.0,4,58,Home,o,True,508.0,511.0,3.0
PL1896900139,18969,SQ1896900058,139,1287.0,1289.0,3,58,Away,d,False,506.0,508.0,2.0
PL1896900140,18969,SQ1896900059,140,1290.0,1291.0,2,59,Away,d,False,499.0,499.0,0.0
PL1896900141,18969,SQ1896900060,141,1292.0,1292.0,1,60,Away,d,False,477.0,477.0,0.0
PL1896900142,18969,SQ1896900060,142,1293.0,1306.0,14,60,Home,o,True,448.0,471.0,23.0
PL1896900143,18969,SQ1896900061,143,1307.0,1308.0,2,61,Home,o,False,444.0,444.0,0.0
PL1896900144,18969,SQ1896900062,144,1309.0,1309.0,1,62,Away,d,False,417.0,417.0,0.0
PL1896900145,18969,SQ1896900062,145,1310.0,1312.0,3,62,Home,o,True,413.0,413.0,0.0
PL1896900146,18969,SQ1896900063,146,1313.0,1313.0,1,63,Home,o,False,413.0,413.0,0.0
PL1896900147,18969,SQ1896900063,147,1314.0,1316.0,3,63,Away,d,False,410.0,410.0,0.0
PL1896900148,18969,SQ1896900063,148,1317.0,1318.0,2,63,Away,o,False,403.0,403.0,0.0
PL1896900149,18969,SQ1896900064,149,1319.0,1319.0,1,64,Away,o,False,403.0,403.0,0.0
PL1896900150,18969,SQ1896900064,150,1320.0,1321.0,2,64,Home,d,False,400.0,400.0,0.0
PL1896900151,18969,SQ1896900064,151,1322.0,1322.0,1,64,Home,n,False,399.0,397.0,-2.0
PL1896900152,18969,SQ1896900064,152,1323.0,1323.0,1,64,Home,o,False,397.0,397.0,0.0
PL1896900153,18969,SQ1896900064,153,1324.0,1327.0,4,64,Away,d,False,392.0,392.0,0.0
PL1896900154,18969,SQ1896900065,154,1328.0,1328.0,1,65,Away,d,False,392.0,392.0,0.0
PL1896900155,18969,SQ1896900065,155,1329.0,1332.0,4,65,Home,d,False,380.0,383.0,3.0
PL1896900156,18969,SQ1896900065,156,1333.0,1333.0,1,65,Home,n,False,379.0,377.0,-2.0
PL1896900157,18969,SQ1896900065,157,1334.0,1336.0,3,65,Home,o,True,374.0,376.0,2.0
PL1896900158,18969,SQ1896900066,158,1337.0,1337.0,1,66,Home,o,False,374.0,374.0,0.0
PL1896900159,18969,SQ1896900066,159,1338.0,1338.0,1,66,Away,d,False,372.0,372.0,0.0
PL1896900160,18969,SQ1896900067,160,1339.0,1339.0,1,67,Away,d,False,372.0,372.0,0.0
PL1896900161,18969,SQ1896900067,161,1340.0,1342.0,3,67,Home,n,False,367.0,367.0,0.0
PL1896900162,18969,SQ1896900067,162,1343.0,1344.0,2,67,Home,o,True,362.0,362.0,0.0
PL1896900163,18969,SQ1896900067,163,1345.0,1351.0,7,67,Away,d,False,354.0,362.0,8.0
PL1896900164,18969,SQ1896900067,164,1352.0,1352.0,1,67,Away,o,False,354.0,354.0,0.0
PL1896900165,18969,SQ1896900067,165,1353.0,1353.0,1,67,Away,d,False,349.0,348.0,-1.0
PL1896900166,18969,SQ1896900067,166,1354.0,1355.0,2,67,Away,o,True,348.0,348.0,0.0
PL1896900167,18969,SQ1896900068,167,1356.0,1357.0,2,68,Away,o,False,348.0,348.0,0.0
PL1896900168,18969,SQ1896900069,168,1358.0,1363.0,6,69,Home,n,False,313.0,320.0,7.0
PL1896900169,18969,SQ1896900069,169,1364.0,1366.0,3,69,Home,o,True,310.0,311.0,1.0
PL1896900170,18969,SQ1896900069,170,1367.0,1368.0,2,69,Away,d,False,310.0,310.0,0.0
PL1896900171,18969,SQ1896900069,171,1369.0,1377.0,9,69,Home,o,True,294.0,306.0,12.0
PL1896900172,18969,SQ1896900070,172,1378.0,1378.0,1,70,Home,o,False,294.0,294.0,0.0
PL1896900173,18969,SQ1896900070,173,1379.0,1379.0,1,70,Away,d,False,291.0,291.0,0.0
PL1896900174,18969,SQ1896900071,174,1380.0,1381.0,2,71,Away,d,False,289.0,289.0,0.0
PL1896900175,18969,SQ1896900072,175,1382.0,1383.0,2,72,Home,o,True,266.0,266.0,0.0
PL1896900176,18969,SQ1896900072,176,1384.0,1384.0,1,72,Away,d,False,266.0,266.0,0.0
PL1896900177,18969,SQ1896900073,177,1385.0,1386.0,2,73,Away,d,False,265.0,265.0,0.0
PL1896900178,18969,SQ1896900074,178,1387.0,1390.0,4,74,Home,o,True,243.0,253.0,10.0
PL1896900179,18969,SQ1896900074,179,1391.0,1392.0,2,74,Away,d,False,243.0,243.0,0.0
PL1896900180,18969,SQ1896900074,180,1393.0,1396.0,4,74,Home,d,False,237.0,239.0,2.0
PL1896900181,18969,SQ1896900074,181,1397.0,1397.0,1,74,Home,o,False,237.0,237.0,0.0
PL1896900182,18969,SQ1896900075,182,1398.0,1401.0,4,75,Away,d,False,232.0,237.0,5.0
PL1896900183,18969,SQ1896900076,183,1402.0,1402.0,1,76,Away,d,False,232.0,232.0,0.0
PL1896900184,18969,SQ1896900076,184,1403.0,1403.0,1,76,Home,n,False,230.0,230.0,0.0
PL1896900185,18969,SQ1896900077,185,1404.0,1404.0,1,77,Home,n,False,230.0,230.0,0.0
PL1896900186,18969,SQ1896900077,186,1405.0,1407.0,3,77,Away,d,False,226.0,227.0,1.0
PL1896900187,18969,SQ1896900078,187,1408.0,1408.0,1,78,Away,d,False,226.0,226.0,0.0
PL1896900188,18969,SQ1896900078,188,1409.0,1411.0,3,78,Home,o,False,218.0,226.0,8.0
PL1896900189,18969,SQ1896900079,189,1412.0,1412.0,1,79,Home,d,False,218.0,218.0,0.0
PL1896900190,18969,SQ1896900079,190,1413.0,1416.0,4,79,Away,d,False,211.0,215.0,4.0
PL1896900191,18969,SQ1896900079,191,1417.0,1419.0,3,79,Away,n,False,208.0,209.0,1.0
PL1896900192,18969,SQ1896900079,192,1420.0,1424.0,5,79,Away,o,True,203.0,205.0,2.0
PL1896900193,18969,SQ1896900080,193,1425.0,1426.0,2,80,Away,o,False,203.0,203.0,0.0
PL1896900194,18969,SQ1896900081,194,1427.0,1429.0,3,81,Home,n,False,173.0,177.0,4.0
PL1896900195,18969,SQ1896900081,195,1430.0,1430.0,1,81,Home,o,False,172.0,170.0,-2.0
PL1896900196,18969,SQ1896900081,196,1431.0,1431.0,1,81,Away,o,True,170.0,170.0,0.0
PL1896900197,18969,SQ1896900081,197,1432.0,1432.0,1,81,Away,d,False,170.0,170.0,0.0
PL1896900198,18969,SQ1896900082,198,1433.0,1434.0,2,82,Away,d,False,170.0,170.0,0.0
PL1896900199,18969,SQ1896900083,199,1435.0,1436.0,2,83,Away,d,False,148.0,150.0,2.0
PL1896900200,18969,SQ1896900084,200,1437.0,1438.0,2,84,Away,d,False,140.0,140.0,0.0
PL1896900201,18969,SQ1896900085,201,1439.0,1439.0,1,85,Home,,False,119.0,119.0,0.0
PL1896900202,18969,SQ1896900085,202,1440.0,1440.0,1,85,Away,d,False,119.0,114.0,-5.0
PL1896900203,18969,SQ1896900085,203,1441.0,1442.0,2,85,Home,o,True,113.0,114.0,1.0
PL1896900204,18969,SQ1896900085,204,1443.0,1445.0,3,85,Away,d,False,109.0,113.0,4.0
PL1896900205,18969,SQ1896900086,205,1446.0,1446.0,1,86,Away,d,False,109.0,109.0,0.0
PL1896900206,18969,SQ1896900086,206,1447.0,1452.0,6,86,Home,o,True,104.0,106.0,2.0
PL1896900207,18969,SQ1896900086,207,1453.0,1453.0,1,86,Away,d,False,104.0,104.0,0.0
PL1896900208,18969,SQ1896900087,208,1454.0,1455.0,2,87,Away,d,False,104.0,104.0,0.0
PL1896900209,18969,SQ1896900088,209,1456.0,1460.0,5,88,Away,d,False,74.0,84.0,10.0
PL1896900210,18969,SQ1896900088,210,1461.0,1463.0,3,88,Away,n,False,68.0,68.0,0.0
PL1896900211,18969,SQ1896900088,211,1464.0,1465.0,2,88,Away,o,True,65.0,65.0,0.0
PL1896900212,18969,SQ1896900089,212,1466.0,1467.0,2,89,Away,o,False,62.0,62.0,0.0
PL1896900213,18969,SQ1896900090,213,1468.0,1468.0,1,90,Away,o,False,42.0,42.0,0.0
PL1896900214,18969,SQ1896900090,214,1469.0,1469.0,1,90,Home,d,False,37.0,36.0,-1.0
PL1896900215,18969,SQ1896900090,215,1470.0,1470.0,1,90,Away,o,False,36.0,36.0,0.0
PL1896900216,18969,SQ1896900090,216,1471.0,1473.0,3,90,Home,d,False,29.0,29.0,0.0
PL1896900217,18969,SQ1896900090,217,1474.0,1474.0,1,90,Home,o,False,29.0,29.0,0.0
PL1896900218,18969,SQ1896900091,218,1475.0,1475.0,1,91,Home,d,False,29.0,29.0,0.0
PL1896900219,18969,SQ1896900091,219,1476.0,1479.0,4,91,Away,d,False,24.0,24.0,0.0
PL1896900220,18969,SQ1896900092,220,1480.0,1480.0,1,92,Away,d,False,24.0,24.0,0.0
PL1896900221,18969,SQ1896900092,221,1481.0,1483.0,3,92,Home,d,False,18.0,18.0,0.0
PL1896900222,18969,SQ1896900093,222,1484.0,1484.0,1,93,Home,d,False,18.0,18.0,0.0
PL1896900223,18969,SQ1896900093,223,1485.0,1486.0,2,93,Away,n,False,14.0,14.0,0.0
PL1896900224,18969,SQ1896900093,224,1487.0,1487.0,1,93,Away,o,False,14.0,12.0,-2.0
PL1896900225,18969,SQ1896900093,225,1488.0,1488.0,1,93,Away,o,False,12.0,12.0,0.0
PL1896900226,18969,SQ1896900094,226,1489.0,1489.0,1,94,Away,o,False,12.0,12.0,0.0
PL1896900227,18969,SQ1896900094,227,1490.0,1491.0,2,94,Home,d,False,8.0,8.0,0.0
PL1896900228,18969,SQ1896900094,228,1492.0,1492.0,1,94,Home,n,False,8.0,6.0,-2.0
PL1896900229,18969,SQ1896900095,229,1493.0,1495.0,3,95,Away,n,False,3.0,6.0,3.0
PL1896900230,18969,SQ1896900096,230,1496.0,1496.0,1,96,Away,,False,0.0,0.0,0.0
PL1896900231,18969,SQ1896900097,231,1497.0,1497.0,1,97,Away,,False,3339.0,3267.0,-72.0
PL1896900232,18969,SQ1896900098,232,1498.0,1498.0,1,98,Away,n,False,1080.0,1080.0,0.0
PL1896900233,18969,SQ1896900098,233,1499.0,1499.0,1,98,,o,False,1080.0,1080.0,0.0
PL1896900234,18969,SQ1896900098,234,1500.0,1505.0,6,98,Away,d,False,1072.0,1077.0,5.0
PL1896900235,18969,SQ1896900098,235,1506.0,1506.0,1,98,Away,n,False,1072.0,1068.0,-4.0
PL1896900236,18969,SQ1896900098,236,1507.0,1509.0,3,98,Away,o,False,1063.0,1067.0,4.0
PL1896900237,18969,SQ1896900098,237,1510.0,1510.0,1,98,Away,o,False,1063.0,1063.0,0.0
PL1896900238,18969,SQ1896900099,238,1511.0,1511.0,1,99,Away,o,False,1063.0,1063.0,0.0
PL1896900239,18969,SQ1896900099,239,1512.0,1513.0,2,99,Home,d,False,1057.0,1057.0,0.0
PL1896900240,18969,SQ1896900099,240,1514.0,1514.0,1,99,Home,n,False,1056.0,1054.0,-2.0
PL1896900241,18969,SQ1896900099,241,1515.0,1519.0,5,99,Home,o,True,1044.0,1051.0,7.0
PL1896900242,18969,SQ1896900099,242,1520.0,1524.0,5,99,Away,d,False,1039.0,1044.0,5.0
PL1896900243,18969,SQ1896900099,243,1525.0,1525.0,1,99,Away,n,False,1035.0,1035.0,0.0
PL1896900244,18969,SQ1896900099,244,1526.0,1526.0,1,99,Away,o,False,1035.0,1031.0,-4.0
PL1896900245,18969,SQ1896900100,245,1527.0,1529.0,3,100,Home,d,False,1027.0,1031.0,4.0
PL1896900246,18969,SQ1896900100,246,1530.0,1530.0,1,100,Home,n,False,1026.0,1024.0,-2.0
PL1896900247,18969,SQ1896900100,247,1531.0,1532.0,2,100,Home,o,False,1021.0,1021.0,0.0
PL1896900248,18969,SQ1896900101,248,1533.0,1533.0,1,101,Home,o,False,1021.0,1018.0,-3.0
PL1896900249,18969,SQ1896900101,249,1534.0,1535.0,2,101,Away,d,False,1014.0,1014.0,0.0
PL1896900250,18969,SQ1896900101,250,1536.0,1536.0,1,101,Away,n,False,1013.0,1011.0,-2.0
PL1896900251,18969,SQ1896900101,251,1537.0,1541.0,5,101,Away,o,True,1004.0,1008.0,4.0
PL1896900252,18969,SQ1896900102,252,1542.0,1542.0,1,102,Away,o,False,1004.0,1004.0,0.0
PL1896900253,18969,SQ1896900102,253,1543.0,1544.0,2,102,Home,d,False,1003.0,1003.0,0.0
PL1896900254,18969,SQ1896900102,254,1545.0,1545.0,1,102,Home,d,False,1001.0,1001.0,0.0
PL1896900255,18969,SQ1896900103,255,1546.0,1546.0,1,103,Home,d,False,1001.0,1001.0,0.0
PL1896900256,18969,SQ1896900103,256,1547.0,1548.0,2,103,Away,o,True,996.0,1001.0,5.0
PL1896900257,18969,SQ1896900103,257,1549.0,1549.0,1,103,Home,d,False,996.0,996.0,0.0
PL1896900258,18969,SQ1896900104,258,1550.0,1551.0,2,104,Home,d,False,994.0,994.0,0.0
PL1896900259,18969,SQ1896900105,259,1552.0,1552.0,1,105,Away,o,False,974.0,974.0,0.0
PL1896900260,18969,SQ1896900105,260,1553.0,1553.0,1,105,Away,o,False,972.0,972.0,0.0
PL1896900261,18969,SQ1896900106,261,1554.0,1554.0,1,106,Away,o,False,972.0,972.0,0.0
PL1896900262,18969,SQ1896900106,262,1555.0,1555.0,1,106,Home,d,False,970.0,969.0,-1.0
PL1896900263,18969,SQ1896900106,263,1556.0,1556.0,1,106,Home,n,False,969.0,967.0,-2.0
PL1896900264,18969,SQ1896900106,264,1557.0,1557.0,1,106,Home,o,False,967.0,964.0,-3.0
PL1896900265,18969,SQ1896900107,265,1558.0,1558.0,1,107,Home,o,False,964.0,964.0,0.0
PL1896900266,18969,SQ1896900107,266,1559.0,1560.0,2,107,Away,d,False,958.0,958.0,0.0
PL1896900267,18969,SQ1896900107,267,1561.0,1562.0,2,107,Away,n,False,956.0,956.0,0.0
PL1896900268,18969,SQ1896900107,268,1563.0,1563.0,1,107,Home,n,False,956.0,953.0,-3.0
PL1896900269,18969,SQ1896900107,269,1564.0,1567.0,4,107,Away,n,False,949.0,953.0,4.0
PL1896900270,18969,SQ1896900107,270,1568.0,1568.0,1,107,Away,o,True,949.0,949.0,0.0
PL1896900271,18969,SQ1896900108,271,1569.0,1569.0,1,108,Away,o,False,949.0,949.0,0.0
PL1896900272,18969,SQ1896900108,272,1570.0,1570.0,1,108,Home,d,False,945.0,943.0,-2.0
PL1896900273,18969,SQ1896900109,273,1571.0,1571.0,1,109,Home,d,False,943.0,943.0,0.0
PL1896900274,18969,SQ1896900109,274,1572.0,1575.0,4,109,Away,o,True,936.0,940.0,4.0
PL1896900275,18969,SQ1896900109,275,1576.0,1580.0,5,109,Home,d,False,933.0,936.0,3.0
PL1896900276,18969,SQ1896900109,276,1581.0,1581.0,1,109,Home,n,False,932.0,929.0,-3.0
PL1896900277,18969,SQ1896900109,277,1582.0,1583.0,2,109,Home,o,True,928.0,928.0,0.0
PL1896900278,18969,SQ1896900109,278,1584.0,1591.0,8,109,Away,d,False,912.0,928.0,16.0
PL1896900279,18969,SQ1896900109,279,1592.0,1592.0,1,109,Away,o,True,912.0,912.0,0.0
PL1896900280,18969,SQ1896900109,280,1593.0,1597.0,5,109,Home,d,False,904.0,912.0,8.0
PL1896900281,18969,SQ1896900109,281,1598.0,1598.0,1,109,Home,n,False,903.0,902.0,-1.0
PL1896900282,18969,SQ1896900109,282,1599.0,1606.0,8,109,Home,o,True,891.0,900.0,9.0
PL1896900283,18969,SQ1896900109,283,1607.0,1608.0,2,109,Away,d,False,891.0,891.0,0.0
PL1896900284,18969,SQ1896900109,284,1609.0,1611.0,3,109,Home,o,False,889.0,890.0,1.0
PL1896900285,18969,SQ1896900110,285,1612.0,1614.0,3,110,Away,d,False,883.0,887.0,4.0
PL1896900286,18969,SQ1896900110,286,1615.0,1615.0,1,110,Away,n,False,882.0,881.0,-1.0
PL1896900287,18969,SQ1896900110,287,1616.0,1617.0,2,110,Away,o,True,878.0,878.0,0.0
PL1896900288,18969,SQ1896900111,288,1618.0,1619.0,2,111,Away,o,False,878.0,878.0,0.0
PL1896900289,18969,SQ1896900112,289,1620.0,1622.0,3,112,Home,d,False,852.0,855.0,3.0
PL1896900290,18969,SQ1896900112,290,1623.0,1623.0,1,112,Away,o,False,852.0,852.0,0.0
PL1896900291,18969,SQ1896900112,291,1624.0,1624.0,1,112,Home,n,False,846.0,846.0,0.0
PL1896900292,18969,SQ1896900112,292,1625.0,1626.0,2,112,Home,o,False,844.0,844.0,0.0
PL1896900293,18969,SQ1896900113,293,1627.0,1628.0,2,113,Away,d,False,842.0,842.0,0.0
PL1896900294,18969,SQ1896900114,294,1629.0,1631.0,3,114,Home,o,False,823.0,826.0,3.0
PL1896900295,18969,SQ1896900115,295,1632.0,1632.0,1,115,Home,o,False,823.0,823.0,0.0
PL1896900296,18969,SQ1896900115,296,1633.0,1633.0,1,115,Away,d,False,820.0,820.0,0.0
PL1896900297,18969,SQ1896900116,297,1634.0,1634.0,1,116,Away,d,False,820.0,820.0,0.0
PL1896900298,18969,SQ1896900116,298,1635.0,1638.0,4,116,Home,o,True,814.0,817.0,3.0
PL1896900299,18969,SQ1896900116,299,1639.0,1642.0,4,116,Away,d,False,812.0,814.0,2.0
PL1896900300,18969,SQ1896900117,300,1643.0,1643.0,1,117,Away,d,False,812.0,812.0,0.0
PL1896900301,18969,SQ1896900117,301,1644.0,1646.0,3,117,Home,n,False,804.0,807.0,3.0
PL1896900302,18969,SQ1896900117,302,1647.0,1647.0,1,117,Home,n,False,801.0,801.0,0.0
PL1896900303,18969,SQ1896900118,303,1648.0,1648.0,1,118,Home,n,False,801.0,801.0,0.0
PL1896900304,18969,SQ1896900118,304,1649.0,1649.0,1,118,Away,n,False,800.0,797.0,-3.0
PL1896900305,18969,SQ1896900118,305,1650.0,1651.0,2,118,Away,o,True,797.0,794.0,-3.0
PL1896900306,18969,SQ1896900118,306,1652.0,1653.0,2,118,Home,d,False,797.0,794.0,-3.0
PL1896900307,18969,SQ1896900118,307,1654.0,1655.0,2,118,Away,o,True,790.0,790.0,0.0
PL1896900308,18969,SQ1896900119,308,1656.0,1657.0,2,119,Away,o,False,787.0,790.0,3.0
PL1896900309,18969,SQ1896900119,309,1658.0,1659.0,2,119,Home,d,False,787.0,787.0,0.0
PL1896900310,18969,SQ1896900119,310,1660.0,1662.0,3,119,Away,n,False,776.0,781.0,5.0
PL1896900311,18969,SQ1896900120,311,1663.0,1664.0,2,120,Away,n,False,772.0,772.0,0.0
PL1896900312,18969,SQ1896900121,312,1665.0,1667.0,3,121,Home,o,True,749.0,752.0,3.0
PL1896900313,18969,SQ1896900121,313,1668.0,1669.0,2,121,Away,d,False,749.0,749.0,0.0
PL1896900314,18969,SQ1896900121,314,1670.0,1673.0,4,121,Home,o,True,743.0,746.0,3.0
PL1896900315,18969,SQ1896900121,315,1674.0,1675.0,2,121,Away,d,False,743.0,743.0,0.0
PL1896900316,18969,SQ1896900121,316,1676.0,1677.0,2,121,Home,o,True,741.0,742.0,1.0
PL1896900317,18969,SQ1896900121,317,1678.0,1678.0,1,121,Away,d,False,741.0,741.0,0.0
PL1896900318,18969,SQ1896900122,318,1679.0,1680.0,2,122,Away,d,False,741.0,741.0,0.0
PL1896900319,18969,SQ1896900123,319,1681.0,1683.0,3,123,Away,d,False,711.0,717.0,6.0
PL1896900320,18969,SQ1896900124,320,1684.0,1684.0,1,124,Away,d,False,711.0,711.0,0.0
PL1896900321,18969,SQ1896900124,321,1685.0,1693.0,9,124,Home,o,True,692.0,708.0,16.0
PL1896900322,18969,SQ1896900124,322,1694.0,1697.0,4,124,Away,d,False,686.0,692.0,6.0
PL1896900323,18969,SQ1896900124,323,1698.0,1698.0,1,124,Home,o,False,684.0,684.0,0.0
PL1896900324,18969,SQ1896900124,324,1699.0,1699.0,1,124,Away,d,False,681.0,681.0,0.0
PL1896900325,18969,SQ1896900125,325,1700.0,1700.0,1,125,Away,d,False,680.0,680.0,0.0
PL1896900326,18969,SQ1896900125,326,1701.0,1702.0,2,125,Home,o,False,678.0,678.0,0.0
PL1896900327,18969,SQ1896900126,327,1703.0,1706.0,4,126,Away,d,False,676.0,678.0,2.0
PL1896900328,18969,SQ1896900127,328,1707.0,1707.0,1,127,Away,d,False,676.0,676.0,0.0
PL1896900329,18969,SQ1896900127,329,1708.0,1708.0,1,127,Home,d,False,669.0,666.0,-3.0
PL1896900330,18969,SQ1896900127,330,1709.0,1710.0,2,127,Home,d,False,666.0,666.0,0.0
PL1896900331,18969,SQ1896900128,331,1711.0,1711.0,1,128,Home,d,False,666.0,666.0,0.0
PL1896900332,18969,SQ1896900128,332,1712.0,1712.0,1,128,Away,n,False,664.0,663.0,-1.0
PL1896900333,18969,SQ1896900128,333,1713.0,1713.0,1,128,Away,o,False,663.0,662.0,-1.0
PL1896900334,18969,SQ1896900129,334,1714.0,1717.0,4,129,Home,d,False,659.0,662.0,3.0
PL1896900335,18969,SQ1896900130,335,1718.0,1718.0,1,130,Home,d,False,659.0,659.0,0.0
PL1896900336,18969,SQ1896900130,336,1719.0,1719.0,1,130,Home,n,False,656.0,656.0,0.0
PL1896900337,18969,SQ1896900130,337,1720.0,1720.0,1,130,Away,n,False,652.0,650.0,-2.0
PL1896900338,18969,SQ1896900130,338,1721.0,1721.0,1,130,Away,o,False,650.0,650.0,0.0
PL1896900339,18969,SQ1896900130,339,1722.0,1722.0,1,130,Home,d,False,650.0,650.0,0.0
PL1896900340,18969,SQ1896900130,340,1723.0,1726.0,4,130,Away,o,True,645.0,646.0,1.0
PL1896900341,18969,SQ1896900130,341,1727.0,1727.0,1,130,Away,d,False,638.0,638.0,0.0
PL1896900342,18969,SQ1896900130,342,1728.0,1730.0,3,130,Away,n,False,633.0,636.0,3.0
PL1896900343,18969,SQ1896900131,343,1731.0,1731.0,1,131,Away,n,False,633.0,633.0,0.0
PL1896900344,18969,SQ1896900131,344,1732.0,1736.0,5,131,Home,d,False,624.0,629.0,5.0
PL1896900345,18969,SQ1896900131,345,1737.0,1737.0,1,131,Home,n,False,621.0,621.0,0.0
PL1896900346,18969,SQ1896900131,346,1738.0,1744.0,7,131,Home,o,True,610.0,619.0,9.0
PL1896900347,18969,SQ1896900132,347,1745.0,1745.0,1,132,Home,o,False,610.0,610.0,0.0
PL1896900348,18969,SQ1896900132,348,1746.0,1746.0,1,132,Away,d,False,609.0,609.0,0.0
PL1896900349,18969,SQ1896900132,349,1747.0,1747.0,1,132,Home,n,False,608.0,605.0,-3.0
PL1896900350,18969,SQ1896900132,350,1748.0,1749.0,2,132,Home,o,True,602.0,602.0,0.0
PL1896900351,18969,SQ1896900132,351,1750.0,1751.0,2,132,Away,d,False,602.0,602.0,0.0
PL1896900352,18969,SQ1896900132,352,1752.0,1759.0,8,132,Home,o,True,586.0,596.0,10.0
PL1896900353,18969,SQ1896900132,353,1760.0,1764.0,5,132,Away,d,False,583.0,586.0,3.0
PL1896900354,18969,SQ1896900133,354,1765.0,1765.0,1,133,Away,d,False,583.0,583.0,0.0
PL1896900355,18969,SQ1896900133,355,1766.0,1769.0,4,133,Home,d,False,572.0,575.0,3.0
PL1896900356,18969,SQ1896900133,356,1770.0,1770.0,1,133,Away,n,False,571.0,570.0,-1.0
PL1896900357,18969,SQ1896900133,357,1771.0,1771.0,1,133,Away,o,False,570.0,568.0,-2.0
PL1896900358,18969,SQ1896900133,358,1772.0,1772.0,1,133,Home,d,False,568.0,568.0,0.0
PL1896900359,18969,SQ1896900133,359,1773.0,1776.0,4,133,Away,o,False,563.0,567.0,4.0
PL1896900360,18969,SQ1896900134,360,1777.0,1777.0,1,134,Away,o,False,563.0,563.0,0.0
PL1896900361,18969,SQ1896900134,361,1778.0,1778.0,1,134,Home,d,False,561.0,561.0,0.0
PL1896900362,18969,SQ1896900134,362,1779.0,1780.0,2,134,Away,n,False,557.0,557.0,0.0
PL1896900363,18969,SQ1896900135,363,1781.0,1781.0,1,135,Away,n,False,557.0,557.0,0.0
PL1896900364,18969,SQ1896900135,364,1782.0,1782.0,1,135,Home,d,False,552.0,550.0,-2.0
PL1896900365,18969,SQ1896900135,365,1783.0,1783.0,1,135,Home,d,False,550.0,550.0,0.0
PL1896900366,18969,SQ1896900136,366,1784.0,1785.0,2,136,Home,d,False,550.0,550.0,0.0
PL1896900367,18969,SQ1896900136,367,1786.0,1786.0,1,136,Away,o,False,547.0,547.0,0.0
PL1896900368,18969,SQ1896900137,368,1787.0,1787.0,1,137,Home,d,False,545.0,545.0,0.0
PL1896900369,18969,SQ1896900137,369,1788.0,1789.0,2,137,Away,o,False,543.0,543.0,0.0
PL1896900370,18969,SQ1896900138,370,1790.0,1790.0,1,138,Away,o,False,543.0,543.0,0.0
PL1896900371,18969,SQ1896900138,371,1791.0,1793.0,3,138,Home,d,False,538.0,538.0,0.0
PL1896900372,18969,SQ1896900138,372,1794.0,1796.0,3,138,Home,o,False,535.0,535.0,0.0
PL1896900373,18969,SQ1896900138,373,1797.0,1797.0,1,138,Away,d,False,534.0,534.0,0.0
PL1896900374,18969,SQ1896900138,374,1798.0,1800.0,3,138,Home,o,False,529.0,533.0,4.0
PL1896900375,18969,SQ1896900139,375,1801.0,1801.0,1,139,Home,o,False,529.0,529.0,0.0
PL1896900376,18969,SQ1896900139,376,1802.0,1805.0,4,139,Away,d,False,522.0,525.0,3.0
PL1896900377,18969,SQ1896900140,377,1806.0,1807.0,2,140,Away,d,False,522.0,522.0,0.0
PL1896900378,18969,SQ1896900140,378,1808.0,1810.0,3,140,Home,n,False,518.0,519.0,1.0
PL1896900379,18969,SQ1896900141,379,1811.0,1813.0,3,141,Away,n,False,514.0,515.0,1.0
PL1896900380,18969,SQ1896900142,380,1814.0,1814.0,1,142,Away,n,False,514.0,514.0,0.0
PL1896900381,18969,SQ1896900142,381,1815.0,1815.0,1,142,Home,n,False,513.0,511.0,-2.0
PL1896900382,18969,SQ1896900142,382,1816.0,1816.0,1,142,Home,o,False,511.0,509.0,-2.0
PL1896900383,18969,SQ1896900142,383,1817.0,1817.0,1,142,Away,d,False,509.0,509.0,0.0
PL1896900384,18969,SQ1896900142,384,1818.0,1819.0,2,142,Home,o,False,505.0,505.0,0.0
PL1896900385,18969,SQ1896900143,385,1820.0,1820.0,1,143,Home,o,False,505.0,505.0,0.0
PL1896900386,18969,SQ1896900143,386,1821.0,1822.0,2,143,Away,d,False,501.0,501.0,0.0
PL1896900387,18969,SQ1896900143,387,1823.0,1823.0,1,143,Away,n,False,500.0,498.0,-2.0
PL1896900388,18969,SQ1896900143,388,1824.0,1825.0,2,143,Away,o,True,496.0,496.0,0.0
PL1896900389,18969,SQ1896900143,389,1826.0,1830.0,5,143,Home,d,False,491.0,496.0,5.0
PL1896900390,18969,SQ1896900143,390,1831.0,1831.0,1,143,Home,n,False,490.0,490.0,0.0
PL1896900391,18969,SQ1896900144,391,1832.0,1832.0,1,144,Home,n,False,490.0,490.0,0.0
PL1896900392,18969,SQ1896900144,392,1833.0,1836.0,4,144,Away,n,False,482.0,485.0,3.0
PL1896900393,18969,SQ1896900145,393,1837.0,1838.0,2,145,Home,n,False,481.0,482.0,1.0
PL1896900394,18969,SQ1896900145,394,1839.0,1841.0,3,145,Home,o,False,474.0,474.0,0.0
PL1896900395,18969,SQ1896900145,395,1842.0,1842.0,1,145,Home,o,False,472.0,472.0,0.0
PL1896900396,18969,SQ1896900146,396,1843.0,1843.0,1,146,Home,o,False,472.0,472.0,0.0
PL1896900397,18969,SQ1896900146,397,1844.0,1844.0,1,146,Away,d,False,470.0,470.0,0.0
PL1896900398,18969,SQ1896900146,398,1845.0,1848.0,4,146,Home,n,False,465.0,465.0,0.0
PL1896900399,18969,SQ1896900147,399,1849.0,1849.0,1,147,Home,n,False,465.0,465.0,0.0
PL1896900400,18969,SQ1896900147,400,1850.0,1853.0,4,147,Away,d,False,454.0,458.0,4.0
PL1896900401,18969,SQ1896900147,401,1854.0,1854.0,1,147,Away,n,False,453.0,451.0,-2.0
PL1896900402,18969,SQ1896900147,402,1855.0,1858.0,4,147,Away,o,True,446.0,449.0,3.0
PL1896900403,18969,SQ1896900147,403,1859.0,1859.0,1,147,Home,d,False,446.0,446.0,0.0
PL1896900404,18969,SQ1896900148,404,1860.0,1861.0,2,148,Home,d,False,445.0,445.0,0.0
PL1896900405,18969,SQ1896900149,405,1862.0,1863.0,2,149,Home,d,False,417.0,419.0,2.0
PL1896900406,18969,SQ1896900149,406,1864.0,1864.0,1,149,Away,n,False,414.0,411.0,-3.0
PL1896900407,18969,SQ1896900149,407,1865.0,1865.0,1,149,Away,n,False,411.0,411.0,0.0
PL1896900408,18969,SQ1896900150,408,1866.0,1866.0,1,150,Away,n,False,411.0,411.0,0.0
PL1896900409,18969,SQ1896900150,409,1867.0,1869.0,3,150,Home,n,False,404.0,405.0,1.0
PL1896900410,18969,SQ1896900150,410,1870.0,1873.0,4,150,Home,o,True,396.0,400.0,4.0
PL1896900411,18969,SQ1896900150,411,1874.0,1876.0,3,150,Away,d,False,384.0,384.0,0.0
PL1896900412,18969,SQ1896900151,412,1877.0,1877.0,1,151,Away,d,False,384.0,384.0,0.0
PL1896900413,18969,SQ1896900151,413,1878.0,1882.0,5,151,Home,n,False,367.0,376.0,9.0
PL1896900414,18969,SQ1896900152,414,1883.0,1883.0,1,152,Home,n,False,367.0,367.0,0.0
PL1896900415,18969,SQ1896900152,415,1884.0,1886.0,3,152,Away,n,False,361.0,364.0,3.0
PL1896900416,18969,SQ1896900152,416,1887.0,1889.0,3,152,Away,o,True,357.0,359.0,2.0
PL1896900417,18969,SQ1896900152,417,1890.0,1890.0,1,152,Home,d,False,357.0,357.0,0.0
PL1896900418,18969,SQ1896900153,418,1891.0,1892.0,2,153,Home,d,False,357.0,357.0,0.0
PL1896900419,18969,SQ1896900154,419,1893.0,1893.0,1,154,Away,o,False,334.0,334.0,0.0
PL1896900420,18969,SQ1896900154,420,1894.0,1894.0,1,154,Home,d,False,332.0,330.0,-2.0
PL1896900421,18969,SQ1896900154,421,1895.0,1895.0,1,154,Home, d,False,330.0,330.0,0.0
PL1896900422,18969,SQ1896900155,422,1896.0,1896.0,1,155,Home, d,False,330.0,330.0,0.0
PL1896900423,18969,SQ1896900155,423,1897.0,1902.0,6,155,Away,o,False,322.0,328.0,6.0
PL1896900424,18969,SQ1896900156,424,1903.0,1903.0,1,156,Away,o,False,322.0,322.0,0.0
PL1896900425,18969,SQ1896900156,425,1904.0,1905.0,2,156,Home,d,False,317.0,317.0,0.0
PL1896900426,18969,SQ1896900156,426,1906.0,1907.0,2,156,Home,n,False,314.0,316.0,2.0
PL1896900427,18969,SQ1896900157,427,1908.0,1909.0,2,157,Away,n,False,311.0,312.0,1.0
PL1896900428,18969,SQ1896900158,428,1910.0,1910.0,1,158,Away,n,False,311.0,311.0,0.0
PL1896900429,18969,SQ1896900158,429,1911.0,1911.0,1,158,Home,n,False,308.0,305.0,-3.0
PL1896900430,18969,SQ1896900158,430,1912.0,1912.0,1,158,Away,n,False,305.0,305.0,0.0
PL1896900431,18969,SQ1896900158,431,1913.0,1913.0,1,158,Home,n,False,304.0,303.0,-1.0
PL1896900432,18969,SQ1896900158,432,1914.0,1915.0,2,158,Home,o,False,301.0,301.0,0.0
PL1896900433,18969,SQ1896900158,433,1916.0,1916.0,1,158,Away,d,False,297.0,297.0,0.0
PL1896900434,18969,SQ1896900158,434,1917.0,1918.0,2,158,Home,n,False,295.0,295.0,0.0
PL1896900435,18969,SQ1896900159,435,1919.0,1919.0,1,159,Home,n,False,295.0,295.0,0.0
PL1896900436,18969,SQ1896900159,436,1920.0,1923.0,4,159,Away,d,False,287.0,289.0,2.0
PL1896900437,18969,SQ1896900159,437,1924.0,1925.0,2,159,Away,o,False,282.0,282.0,0.0
PL1896900438,18969,SQ1896900160,438,1926.0,1926.0,1,160,Away,o,False,282.0,282.0,0.0
PL1896900439,18969,SQ1896900160,439,1927.0,1928.0,2,160,Home,d,False,275.0,275.0,0.0
PL1896900440,18969,SQ1896900161,440,1929.0,1929.0,1,161,Home,d,False,275.0,275.0,0.0
PL1896900441,18969,SQ1896900161,441,1930.0,1931.0,2,161,Away,o,True,273.0,273.0,0.0
PL1896900442,18969,SQ1896900161,442,1932.0,1936.0,5,161,Home,d,False,268.0,273.0,5.0
PL1896900443,18969,SQ1896900161,443,1937.0,1937.0,1,161,Away,o,False,267.0,267.0,0.0
PL1896900444,18969,SQ1896900161,444,1938.0,1938.0,1,161,Home,d,False,267.0,267.0,0.0
PL1896900445,18969,SQ1896900161,445,1939.0,1939.0,1,161,Home,n,False,265.0,263.0,-2.0
PL1896900446,18969,SQ1896900161,446,1940.0,1941.0,2,161,Home,o,True,260.0,260.0,0.0
PL1896900447,18969,SQ1896900161,447,1942.0,1942.0,1,161,Away,d,False,260.0,260.0,0.0
PL1896900448,18969,SQ1896900162,448,1943.0,1944.0,2,162,Away,d,False,260.0,260.0,0.0
PL1896900449,18969,SQ1896900163,449,1945.0,1951.0,7,163,Home,o,True,229.0,237.0,8.0
PL1896900450,18969,SQ1896900163,450,1952.0,1953.0,2,163,Away,d,False,229.0,229.0,0.0
PL1896900451,18969,SQ1896900163,451,1954.0,1958.0,5,163,Home,o,True,220.0,227.0,7.0
PL1896900452,18969,SQ1896900164,452,1959.0,1959.0,1,164,Home,o,False,220.0,220.0,0.0
PL1896900453,18969,SQ1896900164,453,1960.0,1960.0,1,164,Away,d,False,217.0,215.0,-2.0
PL1896900454,18969,SQ1896900165,454,1961.0,1961.0,1,165,Away,d,False,215.0,215.0,0.0
PL1896900455,18969,SQ1896900165,455,1962.0,1964.0,3,165,Home,o,False,212.0,214.0,2.0
PL1896900456,18969,SQ1896900165,456,1965.0,1965.0,1,165,Away,d,False,212.0,212.0,0.0
PL1896900457,18969,SQ1896900165,457,1966.0,1967.0,2,165,Home,n,False,206.0,206.0,0.0
PL1896900458,18969,SQ1896900165,458,1968.0,1971.0,4,165,Home,o,True,197.0,202.0,5.0
PL1896900459,18969,SQ1896900165,459,1972.0,1973.0,2,165,Away,d,False,197.0,197.0,0.0
PL1896900460,18969,SQ1896900165,460,1974.0,1976.0,3,165,Home,o,True,194.0,195.0,1.0
PL1896900461,18969,SQ1896900166,461,1977.0,1978.0,2,166,Home,o,False,194.0,194.0,0.0
PL1896900462,18969,SQ1896900167,462,1979.0,1982.0,4,167,Away,n,False,165.0,167.0,2.0
PL1896900463,18969,SQ1896900168,463,1983.0,1983.0,1,168,Away,n,False,165.0,165.0,0.0
PL1896900464,18969,SQ1896900168,464,1984.0,1985.0,2,168,Home,d,False,156.0,156.0,0.0
PL1896900465,18969,SQ1896900169,465,1986.0,1986.0,1,169,Home,d,False,156.0,156.0,0.0
PL1896900466,18969,SQ1896900169,466,1987.0,1990.0,4,169,Away,n,False,147.0,150.0,3.0
PL1896900467,18969,SQ1896900169,467,1991.0,1992.0,2,169,Away,o,False,143.0,143.0,0.0
PL1896900468,18969,SQ1896900169,468,1993.0,1993.0,1,169,Home,d,False,143.0,143.0,0.0
PL1896900469,18969,SQ1896900169,469,1994.0,1995.0,2,169,Away,n,False,139.0,139.0,0.0
PL1896900470,18969,SQ1896900170,470,1996.0,1996.0,1,170,Away,n,False,139.0,139.0,0.0
PL1896900471,18969,SQ1896900170,471,1997.0,1998.0,2,170,Home,d,False,133.0,133.0,0.0
PL1896900472,18969,SQ1896900170,472,1999.0,1999.0,1,170,Home,o,False,133.0,133.0,0.0
PL1896900473,18969,SQ1896900170,473,2000.0,2006.0,7,170,Away,n,False,119.0,126.0,7.0
PL1896900474,18969,SQ1896900170,474,2007.0,2007.0,1,170,Away,o,False,118.0,117.0,-1.0
PL1896900475,18969,SQ1896900171,475,2008.0,2009.0,2,171,Home,d,False,116.0,117.0,1.0
PL1896900476,18969,SQ1896900172,476,2010.0,2017.0,8,172,Away,o,False,100.0,115.0,15.0
PL1896900477,18969,SQ1896900172,477,2018.0,2018.0,1,172,Home,d,False,95.0,95.0,0.0
PL1896900478,18969,SQ1896900173,478,2019.0,2020.0,2,173,Home,d,False,95.0,95.0,0.0
PL1896900479,18969,SQ1896900174,479,2021.0,2031.0,11,174,Away,o,True,40.0,55.0,15.0
PL1896900480,18969,SQ1896900174,480,2032.0,2032.0,1,174,Home,d,False,40.0,40.0,0.0
PL1896900481,18969,SQ1896900174,481,2033.0,2035.0,3,174,Away,n,False,36.0,38.0,2.0
PL1896900482,18969,SQ1896900175,482,2036.0,2036.0,1,175,Away,n,False,36.0,36.0,0.0
PL1896900483,18969,SQ1896900175,483,2037.0,2041.0,5,175,Home,d,False,30.0,34.0,4.0
PL1896900484,18969,SQ1896900175,484,2042.0,2045.0,4,175,Away,d,False,30.0,34.0,4.0
PL1896900485,18969,SQ1896900176,485,2046.0,2047.0,2,176,Away,d,False,25.0,25.0,0.0
PL1896900486,18969,SQ1896900177,486,2048.0,2048.0,1,177,Away,,False,1.0,0.0,-1.0
PL1896900487,18969,SQ1896900178,487,2049.0,2049.0,1,178,,,False,873.0,819.0,-54.0
PL1896900488,18969,SQ1896900179,488,2050.0,2051.0,2,179,Home,n,False,1079.0,1080.0,1.0
PL1896900489,18969,SQ1896900179,489,2052.0,2054.0,3,179,Away,d,False,1070.0,1070.0,0.0
PL1896900490,18969,SQ1896900179,490,2055.0,2055.0,1,179,Away,n,False,1067.0,1064.0,-3.0
PL1896900491,18969,SQ1896900179,491,2056.0,2056.0,1,179,Away,o,False,1064.0,1063.0,-1.0
PL1896900492,18969,SQ1896900180,492,2057.0,2058.0,2,180,Home,d,False,1062.0,1062.0,0.0
PL1896900493,18969,SQ1896900181,493,2059.0,2059.0,1,181,Home,,False,1061.0,1061.0,0.0
PL1896900494,18969,SQ1896900181,494,2060.0,2068.0,9,181,Away,o,True,1048.0,1058.0,10.0
PL1896900495,18969,SQ1896900182,495,2069.0,2070.0,2,182,Away,o,False,1048.0,1048.0,0.0
PL1896900496,18969,SQ1896900183,496,2071.0,2072.0,2,183,Home,n,False,1020.0,1021.0,1.0
PL1896900497,18969,SQ1896900183,497,2073.0,2074.0,2,183,Home,o,True,1017.0,1017.0,0.0
PL1896900498,18969,SQ1896900184,498,2075.0,2075.0,1,184,Home,o,False,1017.0,1017.0,0.0
PL1896900499,18969,SQ1896900184,499,2076.0,2080.0,5,184,Away,d,False,1007.0,1013.0,6.0
PL1896900500,18969,SQ1896900184,500,2081.0,2081.0,1,184,Away,n,False,1006.0,1005.0,-1.0
PL1896900501,18969,SQ1896900185,501,2082.0,2083.0,2,185,Home,n,False,1005.0,1005.0,0.0
PL1896900502,18969,SQ1896900185,502,2084.0,2085.0,2,185,Home,o,True,1002.0,1003.0,1.0
PL1896900503,18969,SQ1896900186,503,2086.0,2087.0,2,186,Home,o,False,1001.0,1001.0,0.0
PL1896900504,18969,SQ1896900187,504,2088.0,2090.0,3,187,Home,o,True,975.0,977.0,2.0
PL1896900505,18969,SQ1896900187,505,2091.0,2091.0,1,187,Away,d,False,975.0,975.0,0.0
PL1896900506,18969,SQ1896900188,506,2092.0,2093.0,2,188,Away,d,False,973.0,973.0,0.0
PL1896900507,18969,SQ1896900189,507,2094.0,2096.0,3,189,Away,d,False,962.0,962.0,0.0
PL1896900508,18969,SQ1896900189,508,2097.0,2099.0,3,189,Home,d,False,956.0,956.0,0.0
PL1896900509,18969,SQ1896900189,509,2100.0,2100.0,1,189,Home,d,False,952.0,952.0,0.0
PL1896900510,18969,SQ1896900189,510,2101.0,2102.0,2,189,Away,o,True,949.0,949.0,0.0
PL1896900511,18969,SQ1896900189,511,2103.0,2107.0,5,189,Home,d,False,944.0,949.0,5.0
PL1896900512,18969,SQ1896900189,512,2108.0,2108.0,1,189,Away,n,False,942.0,940.0,-2.0
PL1896900513,18969,SQ1896900189,513,2109.0,2110.0,2,189,Away,o,True,937.0,937.0,0.0
PL1896900514,18969,SQ1896900189,514,2111.0,2112.0,2,189,Home,d,False,937.0,937.0,0.0
PL1896900515,18969,SQ1896900189,515,2113.0,2120.0,8,189,Away,o,True,926.0,932.0,6.0
PL1896900516,18969,SQ1896900190,516,2121.0,2121.0,1,190,Away,o,False,926.0,926.0,0.0
PL1896900517,18969,SQ1896900190,517,2122.0,2122.0,1,190,Home,d,False,925.0,923.0,-2.0
PL1896900518,18969,SQ1896900191,518,2123.0,2123.0,1,191,Home,o,False,923.0,923.0,0.0
PL1896900519,18969,SQ1896900191,519,2124.0,2125.0,2,191,Away,o,False,920.0,920.0,0.0
PL1896900520,18969,SQ1896900192,520,2126.0,2126.0,1,192,Away,o,False,920.0,920.0,0.0
PL1896900521,18969,SQ1896900192,521,2127.0,2128.0,2,192,Home,d,False,915.0,915.0,0.0
PL1896900522,18969,SQ1896900192,522,2129.0,2132.0,4,192,Home,n,False,905.0,914.0,9.0
PL1896900523,18969,SQ1896900193,523,2133.0,2133.0,1,193,Home,n,False,904.0,904.0,0.0
PL1896900524,18969,SQ1896900193,524,2134.0,2134.0,1,193,Away,n,False,903.0,901.0,-2.0
PL1896900525,18969,SQ1896900193,525,2135.0,2137.0,3,193,Away,o,True,886.0,899.0,13.0
PL1896900526,18969,SQ1896900193,526,2138.0,2141.0,4,193,Home,d,False,886.0,895.0,9.0
PL1896900527,18969,SQ1896900194,527,2142.0,2142.0,1,194,Home,d,False,895.0,895.0,0.0
PL1896900528,18969,SQ1896900194,528,2143.0,2144.0,2,194,Away,n,False,890.0,890.0,0.0
PL1896900529,18969,SQ1896900194,529,2145.0,2145.0,1,194,Away,o,False,885.0,884.0,-1.0
PL1896900530,18969,SQ1896900195,530,2146.0,2147.0,2,195,Home,d,False,884.0,884.0,0.0
PL1896900531,18969,SQ1896900195,531,2148.0,2148.0,1,195,Home,n,False,882.0,879.0,-3.0
PL1896900532,18969,SQ1896900195,532,2149.0,2150.0,2,195,Home,o,False,876.0,876.0,0.0
PL1896900533,18969,SQ1896900196,533,2151.0,2151.0,1,196,Home,o,False,876.0,876.0,0.0
PL1896900534,18969,SQ1896900196,534,2152.0,2153.0,2,196,Away,d,False,871.0,871.0,0.0
PL1896900535,18969,SQ1896900196,535,2154.0,2154.0,1,196,Away,n,False,870.0,868.0,-2.0
PL1896900536,18969,SQ1896900196,536,2155.0,2158.0,4,196,Away,o,True,863.0,866.0,3.0
PL1896900537,18969,SQ1896900197,537,2159.0,2159.0,1,197,Away,o,False,863.0,863.0,0.0
PL1896900538,18969,SQ1896900197,538,2160.0,2161.0,2,197,Home,d,False,854.0,854.0,0.0
PL1896900539,18969,SQ1896900197,539,2162.0,2162.0,1,197,Home,o,False,856.0,854.0,-2.0
PL1896900540,18969,SQ1896900197,540,2163.0,2163.0,1,197,Away,d,False,854.0,854.0,0.0
PL1896900541,18969,SQ1896900197,541,2164.0,2166.0,3,197,Home,d,False,852.0,853.0,1.0
PL1896900542,18969,SQ1896900197,542,2167.0,2168.0,2,197,Home,o,False,847.0,847.0,0.0
PL1896900543,18969,SQ1896900197,543,2169.0,2169.0,1,197,Away,d,False,845.0,845.0,0.0
PL1896900544,18969,SQ1896900197,544,2170.0,2174.0,5,197,Home,o,True,836.0,839.0,3.0
PL1896900545,18969,SQ1896900197,545,2175.0,2175.0,1,197,Away,d,False,836.0,836.0,0.0
PL1896900546,18969,SQ1896900198,546,2176.0,2177.0,2,198,Away,d,False,835.0,835.0,0.0
PL1896900547,18969,SQ1896900199,547,2178.0,2181.0,4,199,Home,o,False,810.0,813.0,3.0
PL1896900548,18969,SQ1896900200,548,2182.0,2182.0,1,200,Home,o,False,810.0,810.0,0.0
PL1896900549,18969,SQ1896900200,549,2183.0,2183.0,1,200,Away,d,False,810.0,810.0,0.0
PL1896900550,18969,SQ1896900200,550,2184.0,2184.0,1,200,Away,n,False,808.0,806.0,-2.0
PL1896900551,18969,SQ1896900200,551,2185.0,2186.0,2,200,Away,o,False,804.0,804.0,0.0
PL1896900552,18969,SQ1896900201,552,2187.0,2187.0,1,201,Away,o,False,801.0,801.0,0.0
PL1896900553,18969,SQ1896900201,553,2188.0,2193.0,6,201,Home,d,False,796.0,800.0,4.0
PL1896900554,18969,SQ1896900201,554,2194.0,2195.0,2,201,Home,n,False,794.0,794.0,0.0
PL1896900555,18969,SQ1896900202,555,2196.0,2196.0,1,202,Home,n,False,794.0,794.0,0.0
PL1896900556,18969,SQ1896900202,556,2197.0,2200.0,4,202,Away,d,False,786.0,788.0,2.0
PL1896900557,18969,SQ1896900202,557,2201.0,2201.0,1,202,Away,n,False,785.0,782.0,-3.0
PL1896900558,18969,SQ1896900202,558,2202.0,2205.0,4,202,Away,o,True,776.0,780.0,4.0
PL1896900559,18969,SQ1896900202,559,2206.0,2206.0,1,202,Home,d,False,774.0,774.0,0.0
PL1896900560,18969,SQ1896900202,560,2207.0,2207.0,1,202,Home,d,False,773.0,773.0,0.0
PL1896900561,18969,SQ1896900203,561,2208.0,2208.0,1,203,Home,d,False,773.0,773.0,0.0
PL1896900562,18969,SQ1896900203,562,2209.0,2210.0,2,203,Away,o,True,770.0,770.0,0.0
PL1896900563,18969,SQ1896900203,563,2211.0,2211.0,1,203,Home,d,False,770.0,770.0,0.0
PL1896900564,18969,SQ1896900204,564,2212.0,2213.0,2,204,Home,d,False,769.0,769.0,0.0
PL1896900565,18969,SQ1896900205,565,2214.0,2219.0,6,205,Away,o,True,736.0,745.0,9.0
PL1896900566,18969,SQ1896900206,566,2220.0,2220.0,1,206,Away,o,False,736.0,736.0,0.0
PL1896900567,18969,SQ1896900206,567,2221.0,2223.0,3,206,Home,d,False,730.0,730.0,0.0
PL1896900568,18969,SQ1896900206,568,2224.0,2224.0,1,206,Away,n,False,729.0,729.0,0.0
PL1896900569,18969,SQ1896900206,569,2225.0,2225.0,1,206,Home,n,False,728.0,728.0,0.0
PL1896900570,18969,SQ1896900206,570,2226.0,2226.0,1,206,Home,o,False,725.0,724.0,-1.0
PL1896900571,18969,SQ1896900207,571,2227.0,2228.0,2,207,Away,d,False,723.0,724.0,1.0
PL1896900572,18969,SQ1896900208,572,2229.0,2232.0,4,208,Home,o,False,719.0,721.0,2.0
PL1896900573,18969,SQ1896900209,573,2233.0,2233.0,1,209,Home,o,False,719.0,719.0,0.0
PL1896900574,18969,SQ1896900209,574,2234.0,2236.0,3,209,Away,d,False,712.0,713.0,1.0
PL1896900575,18969,SQ1896900210,575,2237.0,2237.0,1,210,Away,d,False,712.0,712.0,0.0
PL1896900576,18969,SQ1896900210,576,2238.0,2241.0,4,210,Home,o,True,701.0,703.0,2.0
PL1896900577,18969,SQ1896900211,577,2242.0,2242.0,1,211,Home,o,False,701.0,701.0,0.0
PL1896900578,18969,SQ1896900211,578,2243.0,2243.0,1,211,Home,d,False,698.0,698.0,0.0
PL1896900579,18969,SQ1896900211,579,2244.0,2244.0,1,211,Home,o,True,698.0,698.0,0.0
PL1896900580,18969,SQ1896900212,580,2245.0,2245.0,1,212,Home,o,False,698.0,698.0,0.0
PL1896900581,18969,SQ1896900212,581,2246.0,2248.0,3,212,Away,d,False,692.0,693.0,1.0
PL1896900582,18969,SQ1896900212,582,2249.0,2249.0,1,212,Away,n,False,691.0,690.0,-1.0
PL1896900583,18969,SQ1896900212,583,2250.0,2250.0,1,212,Away,o,False,690.0,687.0,-3.0
PL1896900584,18969,SQ1896900212,584,2251.0,2251.0,1,212,Home,d,False,687.0,687.0,0.0
PL1896900585,18969,SQ1896900212,585,2252.0,2253.0,2,212,Away,o,True,685.0,685.0,0.0
PL1896900586,18969,SQ1896900213,586,2254.0,2254.0,1,213,Away,o,False,685.0,685.0,0.0
PL1896900587,18969,SQ1896900213,587,2255.0,2258.0,4,213,Home,d,False,681.0,683.0,2.0
PL1896900588,18969,SQ1896900213,588,2259.0,2259.0,1,213,Home,n,False,679.0,678.0,-1.0
PL1896900589,18969,SQ1896900213,589,2260.0,2263.0,4,213,Home,o,True,676.0,677.0,1.0
PL1896900590,18969,SQ1896900214,590,2264.0,2265.0,2,214,Home,o,False,676.0,676.0,0.0
PL1896900591,18969,SQ1896900215,591,2266.0,2270.0,5,215,Home,n,False,645.0,651.0,6.0
PL1896900592,18969,SQ1896900215,592,2271.0,2273.0,3,215,Home,o,True,640.0,641.0,1.0
PL1896900593,18969,SQ1896900215,593,2274.0,2274.0,1,215,Away,d,False,640.0,640.0,0.0
PL1896900594,18969,SQ1896900216,594,2275.0,2276.0,2,216,Away,d,False,639.0,639.0,0.0
PL1896900595,18969,SQ1896900217,595,2277.0,2278.0,2,217,Home,o,False,623.0,624.0,1.0
PL1896900596,18969,SQ1896900218,596,2279.0,2279.0,1,218,Home,o,False,623.0,623.0,0.0
PL1896900597,18969,SQ1896900218,597,2280.0,2281.0,2,218,Away,d,False,620.0,620.0,0.0
PL1896900598,18969,SQ1896900218,598,2282.0,2284.0,3,218,Home,n,False,610.0,612.0,2.0
PL1896900599,18969,SQ1896900218,599,2285.0,2287.0,3,218,Home,o,False,607.0,607.0,0.0
PL1896900600,18969,SQ1896900218,600,2288.0,2288.0,1,218,Home,o,False,605.0,605.0,0.0
PL1896900601,18969,SQ1896900219,601,2289.0,2289.0,1,219,Home,o,False,605.0,605.0,0.0
PL1896900602,18969,SQ1896900219,602,2290.0,2290.0,1,219,Away,d,False,603.0,603.0,0.0
PL1896900603,18969,SQ1896900220,603,2291.0,2291.0,1,220,Away,d,False,603.0,603.0,0.0
PL1896900604,18969,SQ1896900220,604,2292.0,2294.0,3,220,Home,n,False,598.0,598.0,0.0
PL1896900605,18969,SQ1896900221,605,2295.0,2295.0,1,221,Home,n,False,598.0,598.0,0.0
PL1896900606,18969,SQ1896900221,606,2296.0,2296.0,1,221,Away,d,False,592.0,590.0,-2.0
PL1896900607,18969,SQ1896900222,607,2297.0,2298.0,2,222,Away,d,False,584.0,584.0,0.0
PL1896900608,18969,SQ1896900223,608,2299.0,2300.0,2,223,Home,o,True,559.0,559.0,0.0
PL1896900609,18969,SQ1896900223,609,2301.0,2303.0,3,223,Away,d,False,550.0,559.0,9.0
PL1896900610,18969,SQ1896900223,610,2304.0,2304.0,1,223,Away,d,False,550.0,550.0,0.0
PL1896900611,18969,SQ1896900224,611,2305.0,2305.0,1,224,Away,d,False,550.0,550.0,0.0
PL1896900612,18969,SQ1896900224,612,2306.0,2308.0,3,224,Home,o,True,548.0,548.0,0.0
PL1896900613,18969,SQ1896900224,613,2309.0,2310.0,2,224,Away,d,False,548.0,548.0,0.0
PL1896900614,18969,SQ1896900225,614,2311.0,2312.0,2,225,Away,d,False,545.0,545.0,0.0
PL1896900615,18969,SQ1896900226,615,2313.0,2316.0,4,226,Away,d,False,523.0,530.0,7.0
PL1896900616,18969,SQ1896900226,616,2317.0,2318.0,2,226,Away,d,False,521.0,521.0,0.0
PL1896900617,18969,SQ1896900227,617,2319.0,2319.0,1,227,Away,d,False,521.0,521.0,0.0
PL1896900618,18969,SQ1896900227,618,2320.0,2320.0,1,227,Home,n,False,520.0,518.0,-2.0
PL1896900619,18969,SQ1896900227,619,2321.0,2321.0,1,227,Home,o,False,518.0,516.0,-2.0
PL1896900620,18969,SQ1896900227,620,2322.0,2322.0,1,227,Away,d,False,516.0,516.0,0.0
PL1896900621,18969,SQ1896900227,621,2323.0,2325.0,3,227,Home,o,False,512.0,514.0,2.0
PL1896900622,18969,SQ1896900227,622,2326.0,2327.0,2,227,Away,d,False,507.0,507.0,0.0
PL1896900623,18969,SQ1896900228,623,2328.0,2329.0,2,228,Home,o,False,504.0,504.0,0.0
PL1896900624,18969,SQ1896900228,624,2330.0,2333.0,4,228,Away,d,False,501.0,504.0,3.0
PL1896900625,18969,SQ1896900228,625,2334.0,2336.0,3,228,Away,o,True,496.0,498.0,2.0
PL1896900626,18969,SQ1896900229,626,2337.0,2337.0,1,229,Away,o,False,496.0,496.0,0.0
PL1896900627,18969,SQ1896900229,627,2338.0,2340.0,3,229,Home,d,False,488.0,488.0,0.0
PL1896900628,18969,SQ1896900229,628,2341.0,2341.0,1,229,Home,n,False,487.0,485.0,-2.0
PL1896900629,18969,SQ1896900229,629,2342.0,2343.0,2,229,Home,o,True,482.0,482.0,0.0
PL1896900630,18969,SQ1896900229,630,2344.0,2346.0,3,229,Away,d,False,477.0,482.0,5.0
PL1896900631,18969,SQ1896900229,631,2347.0,2348.0,2,229,Away,d,False,476.0,476.0,0.0
PL1896900632,18969,SQ1896900230,632,2349.0,2349.0,1,230,Away,d,False,476.0,476.0,0.0
PL1896900633,18969,SQ1896900230,633,2350.0,2351.0,2,230,Home,n,False,469.0,469.0,0.0
PL1896900634,18969,SQ1896900231,634,2352.0,2352.0,1,231,Home,n,False,469.0,469.0,0.0
PL1896900635,18969,SQ1896900231,635,2353.0,2359.0,7,231,Away,d,False,456.0,463.0,7.0
PL1896900636,18969,SQ1896900231,636,2360.0,2360.0,1,231,Away,n,False,454.0,453.0,-1.0
PL1896900637,18969,SQ1896900231,637,2361.0,2361.0,1,231,Away,n,False,453.0,453.0,0.0
PL1896900638,18969,SQ1896900232,638,2362.0,2362.0,1,232,Away,n,False,453.0,453.0,0.0
PL1896900639,18969,SQ1896900232,639,2363.0,2364.0,2,232,Home,n,False,451.0,451.0,0.0
PL1896900640,18969,SQ1896900233,640,2365.0,2365.0,1,233,Home,n,False,451.0,451.0,0.0
PL1896900641,18969,SQ1896900233,641,2366.0,2366.0,1,233,Away,d,False,448.0,448.0,0.0
PL1896900642,18969,SQ1896900233,642,2367.0,2370.0,4,233,Home,o,False,440.0,443.0,3.0
PL1896900643,18969,SQ1896900234,643,2371.0,2371.0,1,234,Home,o,False,440.0,440.0,0.0
PL1896900644,18969,SQ1896900234,644,2372.0,2373.0,2,234,Away,d,False,438.0,438.0,0.0
PL1896900645,18969,SQ1896900234,645,2374.0,2374.0,1,234,Away,n,False,437.0,435.0,-2.0
PL1896900646,18969,SQ1896900234,646,2375.0,2380.0,6,234,Away,o,True,428.0,434.0,6.0
PL1896900647,18969,SQ1896900234,647,2381.0,2382.0,2,234,Home,d,False,428.0,428.0,0.0
PL1896900648,18969,SQ1896900234,648,2383.0,2384.0,2,234,Away,o,False,424.0,424.0,0.0
PL1896900649,18969,SQ1896900234,649,2385.0,2385.0,1,234,Home,d,False,423.0,422.0,-1.0
PL1896900650,18969,SQ1896900234,650,2386.0,2388.0,3,234,Away,o,True,420.0,420.0,0.0
PL1896900651,18969,SQ1896900235,651,2389.0,2389.0,1,235,Away,o,False,420.0,420.0,0.0
PL1896900652,18969,SQ1896900235,652,2390.0,2391.0,2,235,Home,d,False,418.0,418.0,0.0
PL1896900653,18969,SQ1896900235,653,2392.0,2392.0,1,235,Home,n,False,417.0,415.0,-2.0
PL1896900654,18969,SQ1896900235,654,2393.0,2394.0,2,235,Home,o,False,412.0,412.0,0.0
PL1896900655,18969,SQ1896900236,655,2395.0,2396.0,2,236,Away,d,False,410.0,411.0,1.0
PL1896900656,18969,SQ1896900237,656,2397.0,2397.0,1,237,Away,d,False,407.0,407.0,0.0
PL1896900657,18969,SQ1896900237,657,2398.0,2400.0,3,237,Home,o,True,402.0,404.0,2.0
PL1896900658,18969,SQ1896900237,658,2401.0,2401.0,1,237,Away,d,False,402.0,402.0,0.0
PL1896900659,18969,SQ1896900238,659,2402.0,2403.0,2,238,Away,d,False,401.0,401.0,0.0
PL1896900660,18969,SQ1896900239,660,2404.0,2405.0,2,239,Away,d,False,371.0,374.0,3.0
PL1896900661,18969,SQ1896900240,661,2406.0,2406.0,1,240,Away,d,False,371.0,371.0,0.0
PL1896900662,18969,SQ1896900240,662,2407.0,2415.0,9,240,Home,o,True,356.0,368.0,12.0
PL1896900663,18969,SQ1896900240,663,2416.0,2420.0,5,240,Away,d,False,350.0,356.0,6.0
PL1896900664,18969,SQ1896900241,664,2421.0,2421.0,1,241,Away,d,False,350.0,350.0,0.0
PL1896900665,18969,SQ1896900241,665,2422.0,2425.0,4,241,Home,n,False,342.0,345.0,3.0
PL1896900666,18969,SQ1896900241,666,2426.0,2429.0,4,241,Home,o,True,330.0,337.0,7.0
PL1896900667,18969,SQ1896900242,667,2430.0,2431.0,2,242,Away,d,False,329.0,329.0,0.0
PL1896900668,18969,SQ1896900243,668,2432.0,2434.0,3,243,Away,d,False,305.0,310.0,5.0
PL1896900669,18969,SQ1896900244,669,2435.0,2436.0,2,244,Home,o,False,299.0,299.0,0.0
PL1896900670,18969,SQ1896900245,670,2437.0,2439.0,3,245,Away,d,False,295.0,297.0,2.0
PL1896900671,18969,SQ1896900246,671,2440.0,2440.0,1,246,Away,d,False,295.0,295.0,0.0
PL1896900672,18969,SQ1896900246,672,2441.0,2444.0,4,246,Home,o,True,291.0,293.0,2.0
PL1896900673,18969,SQ1896900247,673,2445.0,2445.0,1,247,Home,o,False,291.0,291.0,0.0
PL1896900674,18969,SQ1896900247,674,2446.0,2446.0,1,247,Away,d,False,289.0,288.0,-1.0
PL1896900675,18969,SQ1896900248,675,2447.0,2447.0,1,248,Away,d,False,288.0,288.0,0.0
PL1896900676,18969,SQ1896900248,676,2448.0,2452.0,5,248,Home,o,False,280.0,288.0,8.0
PL1896900677,18969,SQ1896900248,677,2453.0,2453.0,1,248,Away,d,False,279.0,278.0,-1.0
PL1896900678,18969,SQ1896900249,678,2454.0,2454.0,1,249,Away,d,False,278.0,278.0,0.0
PL1896900679,18969,SQ1896900249,679,2455.0,2459.0,5,249,Home,o,True,273.0,277.0,4.0
PL1896900680,18969,SQ1896900249,680,2460.0,2460.0,1,249,Away,d,False,273.0,273.0,0.0
PL1896900681,18969,SQ1896900250,681,2461.0,2462.0,2,250,Away,d,False,272.0,272.0,0.0
PL1896900682,18969,SQ1896900251,682,2463.0,2464.0,2,251,Home,o,True,248.0,248.0,0.0
PL1896900683,18969,SQ1896900251,683,2465.0,2465.0,1,251,Away,d,False,248.0,248.0,0.0
PL1896900684,18969,SQ1896900252,684,2466.0,2467.0,2,252,Away,d,False,247.0,247.0,0.0
PL1896900685,18969,SQ1896900253,685,2468.0,2469.0,2,253,Home,o,True,226.0,226.0,0.0
PL1896900686,18969,SQ1896900254,686,2470.0,2470.0,1,254,Home,o,False,226.0,226.0,0.0
PL1896900687,18969,SQ1896900254,687,2471.0,2472.0,2,254,Away,d,False,222.0,222.0,0.0
PL1896900688,18969,SQ1896900254,688,2473.0,2473.0,1,254,Home,n,False,221.0,221.0,0.0
PL1896900689,18969,SQ1896900254,689,2474.0,2474.0,1,254,Away,n,False,221.0,220.0,-1.0
PL1896900690,18969,SQ1896900254,690,2475.0,2476.0,2,254,Away,o,True,218.0,218.0,0.0
PL1896900691,18969,SQ1896900254,691,2477.0,2478.0,2,254,Home,d,False,218.0,218.0,0.0
PL1896900692,18969,SQ1896900254,692,2479.0,2480.0,2,254,Away,o,False,216.0,216.0,0.0
PL1896900693,18969,SQ1896900255,693,2481.0,2481.0,1,255,Away,o,False,216.0,216.0,0.0
PL1896900694,18969,SQ1896900255,694,2482.0,2482.0,1,255,Home,d,False,214.0,214.0,0.0
PL1896900695,18969,SQ1896900255,695,2483.0,2483.0,1,255,Home,n,False,211.0,211.0,0.0
PL1896900696,18969,SQ1896900255,696,2484.0,2491.0,8,255,Home,o,True,202.0,208.0,6.0
PL1896900697,18969,SQ1896900255,697,2492.0,2493.0,2,255,Away,d,False,202.0,202.0,0.0
PL1896900698,18969,SQ1896900255,698,2494.0,2496.0,3,255,Home,o,True,201.0,201.0,0.0
PL1896900699,18969,SQ1896900256,699,2497.0,2498.0,2,256,Home,o,False,200.0,200.0,0.0
PL1896900700,18969,SQ1896900257,700,2499.0,2500.0,2,257,Away,n,False,168.0,170.0,2.0
PL1896900701,18969,SQ1896900257,701,2501.0,2501.0,1,257,Home,n,False,167.0,167.0,0.0
PL1896900702,18969,SQ1896900257,702,2502.0,2504.0,3,257,Away,n,False,160.0,167.0,7.0
PL1896900703,18969,SQ1896900257,703,2505.0,2509.0,5,257,Away,o,True,152.0,158.0,6.0
PL1896900704,18969,SQ1896900258,704,2510.0,2510.0,1,258,Away,o,False,152.0,152.0,0.0
PL1896900705,18969,SQ1896900258,705,2511.0,2511.0,1,258,Home,d,False,149.0,149.0,0.0
PL1896900706,18969,SQ1896900259,706,2512.0,2512.0,1,259,Home,d,False,148.0,148.0,0.0
PL1896900707,18969,SQ1896900259,707,2513.0,2515.0,3,259,Away,o,True,144.0,147.0,3.0
PL1896900708,18969,SQ1896900259,708,2516.0,2522.0,7,259,Home,d,False,135.0,144.0,9.0
PL1896900709,18969,SQ1896900259,709,2523.0,2523.0,1,259,Home,n,False,133.0,133.0,0.0
PL1896900710,18969,SQ1896900260,710,2524.0,2524.0,1,260,Home,n,False,133.0,133.0,0.0
PL1896900711,18969,SQ1896900260,711,2525.0,2526.0,2,260,Away,d,False,127.0,127.0,0.0
PL1896900712,18969,SQ1896900261,712,2527.0,2527.0,1,261,Home,o,False,125.0,125.0,0.0
PL1896900713,18969,SQ1896900262,713,2528.0,2528.0,1,262,Home,o,False,124.0,124.0,0.0
PL1896900714,18969,SQ1896900262,714,2529.0,2531.0,3,262,Away,d,False,119.0,120.0,1.0
PL1896900715,18969,SQ1896900262,715,2532.0,2532.0,1,262,Away,n,False,118.0,115.0,-3.0
PL1896900716,18969,SQ1896900262,716,2533.0,2533.0,1,262,Away,o,False,115.0,113.0,-2.0
PL1896900717,18969,SQ1896900263,717,2534.0,2536.0,3,263,Home,d,False,111.0,113.0,2.0
PL1896900718,18969,SQ1896900263,718,2537.0,2538.0,2,263,Home,n,False,109.0,109.0,0.0
PL1896900719,18969,SQ1896900263,719,2539.0,2539.0,1,263,Home,o,False,106.0,104.0,-2.0
PL1896900720,18969,SQ1896900264,720,2540.0,2540.0,1,264,Home,o,False,104.0,104.0,0.0
PL1896900721,18969,SQ1896900264,721,2541.0,2543.0,3,264,Away,d,False,101.0,102.0,1.0
PL1896900722,18969,SQ1896900264,722,2544.0,2544.0,1,264,Away,n,False,99.0,98.0,-1.0
PL1896900723,18969,SQ1896900264,723,2545.0,2546.0,2,264,Away,o,True,95.0,95.0,0.0
PL1896900724,18969,SQ1896900264,724,2547.0,2548.0,2,264,Home,d,False,95.0,95.0,0.0
PL1896900725,18969,SQ1896900264,725,2549.0,2552.0,4,264,Away,o,True,86.0,88.0,2.0
PL1896900726,18969,SQ1896900264,726,2553.0,2553.0,1,264,Home,d,False,86.0,86.0,0.0
PL1896900727,18969,SQ1896900265,727,2554.0,2556.0,3,265,Home,d,False,84.0,1878.0,1794.0
PL1896900728,18969,SQ1896900266,728,2557.0,2559.0,3,266,Away,o,False,79.0,82.0,3.0
PL1896900729,18969,SQ1896900266,729,2560.0,2560.0,1,266,Home,d,False,76.0,76.0,0.0
PL1896900730,18969,SQ1896900266,730,2561.0,2566.0,6,266,Away,o,True,69.0,73.0,4.0
PL1896900731,18969,SQ1896900267,731,2567.0,2568.0,2,267,Away,o,False,66.0,66.0,0.0
PL1896900732,18969,SQ1896900268,732,2569.0,2575.0,7,268,Away,o,True,41.0,50.0,9.0
PL1896900733,18969,SQ1896900268,733,2576.0,2576.0,1,268,Home,d,False,41.0,41.0,0.0
PL1896900734,18969,SQ1896900269,734,2577.0,2578.0,2,269,Home,d,False,41.0,41.0,0.0
PL1896900735,18969,SQ1896900270,735,2579.0,2581.0,3,270,Home,d,False,28.0,31.0,3.0
PL1896900736,18969,SQ1896900270,736,2582.0,2584.0,3,270,Away,d,False,20.0,21.0,1.0
PL1896900737,18969,SQ1896900270,737,2585.0,2586.0,2,270,Away,n,False,19.0,19.0,0.0
PL1896900738,18969,SQ1896900271,738,2587.0,2587.0,1,271,Away,n,False,19.0,19.0,0.0
PL1896900739,18969,SQ1896900271,739,2588.0,2591.0,4,271,Home,d,False,10.0,12.0,2.0
PL1896900740,18969,SQ1896900272,740,2592.0,2593.0,2,272,Away,,False,0.0,0.0,0.0
PL1897700002,18977,SQ1897700002,2,1000.0,1000.0,1,2,,,False,,,
PL1897700003,18977,SQ1897700003,3,1001.0,1005.0,5,3,Away,n,False,1070.0,1080.0,10.0
PL1897700004,18977,SQ1897700004,4,1006.0,1006.0,1,4,Away,,False,1067.0,1067.0,0.0
PL1897700005,18977,SQ1897700005,5,1007.0,1008.0,2,5,Home,,False,1065.0,1065.0,0.0
PL1897700006,18977,SQ1897700006,6,1009.0,1014.0,6,6,Home,,False,1037.0,1043.0,6.0
PL1897700007,18977,SQ1897700007,7,1015.0,1019.0,5,7,Away,,True,1027.0,1034.0,7.0
PL1897700008,18977,SQ1897700008,8,1020.0,1020.0,1,8,Away,,False,1023.0,1023.0,0.0
PL1897700009,18977,SQ1897700008,9,1021.0,1022.0,2,8,Home,,False,1018.0,1021.0,3.0
PL1897700010,18977,SQ1897700009,10,1023.0,1023.0,1,9,Home,,False,1014.0,1014.0,0.0
PL1897700011,18977,SQ1897700009,11,1024.0,1024.0,1,9,Away,,False,1014.0,1009.0,-5.0
PL1897700012,18977,SQ1897700010,12,1025.0,1025.0,1,10,Away,,False,1009.0,1009.0,0.0
PL1897700013,18977,SQ1897700010,13,1026.0,1026.0,1,10,Home,,False,1009.0,1007.0,-2.0
PL1897700014,18977,SQ1897700011,14,1027.0,1027.0,1,11,Home,,False,1005.0,1005.0,0.0
PL1897700015,18977,SQ1897700011,15,1028.0,1031.0,4,11,Away,,True,999.0,1003.0,4.0
PL1897700016,18977,SQ1897700011,16,1032.0,1032.0,1,11,Home,,False,999.0,999.0,0.0
PL1897700017,18977,SQ1897700012,17,1033.0,1034.0,2,12,Home,,False,994.0,999.0,5.0
PL1897700018,18977,SQ1897700013,18,1035.0,1036.0,2,13,Home,,False,975.0,975.0,0.0
PL1897700019,18977,SQ1897700014,19,1037.0,1037.0,1,14,Home,,False,968.0,968.0,0.0
PL1897700020,18977,SQ1897700015,20,1038.0,1038.0,1,15,Home,,False,967.0,967.0,0.0
PL1897700021,18977,SQ1897700016,21,1039.0,1039.0,1,16,Home,,False,967.0,967.0,0.0
PL1897700022,18977,SQ1897700017,22,1040.0,1040.0,1,17,Home,,False,966.0,966.0,0.0
PL1897700023,18977,SQ1897700018,23,1041.0,1041.0,1,18,Home,,False,940.0,940.0,0.0
PL1897700024,18977,SQ1897700018,24,1042.0,1042.0,1,18,Away,,False,939.0,935.0,-4.0
PL1897700025,18977,SQ1897700019,25,1043.0,1043.0,1,19,Away,,False,935.0,935.0,0.0
PL1897700026,18977,SQ1897700019,26,1044.0,1051.0,8,19,Home,,False,913.0,927.0,14.0
PL1897700027,18977,SQ1897700020,27,1052.0,1052.0,1,20,Home,,False,909.0,909.0,0.0
PL1897700028,18977,SQ1897700020,28,1053.0,1053.0,1,20,Away,,False,909.0,905.0,-4.0
PL1897700029,18977,SQ1897700021,29,1054.0,1057.0,4,21,Away,,False,882.0,905.0,23.0
PL1897700030,18977,SQ1897700022,30,1058.0,1058.0,1,22,Away,,False,882.0,882.0,0.0
PL1897700031,18977,SQ1897700022,31,1059.0,1065.0,7,22,Home,,False,881.0,887.0,6.0
PL1897700032,18977,SQ1897700023,32,1066.0,1066.0,1,23,Away,,False,878.0,878.0,0.0
PL1897700033,18977,SQ1897700023,33,1067.0,1070.0,4,23,Home,,True,865.0,874.0,9.0
PL1897700034,18977,SQ1897700024,34,1071.0,1071.0,1,24,Home,,False,864.0,864.0,0.0
PL1897700035,18977,SQ1897700024,35,1072.0,1076.0,5,24,Away,,True,855.0,859.0,4.0
PL1897700036,18977,SQ1897700024,36,1077.0,1077.0,1,24,Home,,False,855.0,855.0,0.0
PL1897700037,18977,SQ1897700025,37,1078.0,1079.0,2,25,Home,,False,856.0,856.0,0.0
PL1897700038,18977,SQ1897700026,38,1080.0,1087.0,8,26,Home,,True,815.0,830.0,15.0
PL1897700039,18977,SQ1897700026,39,1088.0,1089.0,2,26,Away,,False,815.0,815.0,0.0
PL1897700040,18977,SQ1897700027,40,1090.0,1091.0,2,27,Away,,False,814.0,814.0,0.0
PL1897700041,18977,SQ1897700028,41,1092.0,1092.0,1,28,Away,,False,794.0,794.0,0.0
PL1897700042,18977,SQ1897700029,42,1093.0,1096.0,4,29,Away,,False,780.0,785.0,5.0
PL1897700043,18977,SQ1897700030,43,1097.0,1097.0,1,30,Away,,False,777.0,777.0,0.0
PL1897700044,18977,SQ1897700030,44,1098.0,1098.0,1,30,Home,,False,772.0,770.0,-2.0
PL1897700045,18977,SQ1897700031,45,1099.0,1099.0,1,31,Home,,False,770.0,770.0,0.0
PL1897700046,18977,SQ1897700031,46,1100.0,1105.0,6,31,Away,,True,748.0,760.0,12.0
PL1897700047,18977,SQ1897700032,47,1106.0,1106.0,1,32,Away,,False,746.0,746.0,0.0
PL1897700048,18977,SQ1897700033,48,1107.0,1107.0,1,33,Home,,False,744.0,744.0,0.0
PL1897700049,18977,SQ1897700033,49,1108.0,1110.0,3,33,Away,,True,735.0,743.0,8.0
PL1897700050,18977,SQ1897700033,50,1111.0,1112.0,2,33,Home,,False,735.0,735.0,0.0
PL1897700051,18977,SQ1897700033,51,1113.0,1113.0,1,33,Away,,False,733.0,732.0,-1.0
PL1897700052,18977,SQ1897700034,52,1114.0,1114.0,1,34,Away,,False,732.0,732.0,0.0
PL1897700053,18977,SQ1897700034,53,1115.0,1117.0,3,34,Home,,False,726.0,730.0,4.0
PL1897700054,18977,SQ1897700034,54,1118.0,1119.0,2,34,Away,,False,723.0,724.0,1.0
PL1897700055,18977,SQ1897700035,55,1120.0,1120.0,1,35,Away,,False,723.0,723.0,0.0
PL1897700056,18977,SQ1897700035,56,1121.0,1121.0,1,35,Home,,False,715.0,715.0,0.0
PL1897700057,18977,SQ1897700036,57,1122.0,1122.0,1,36,Home,,False,715.0,715.0,0.0
PL1897700058,18977,SQ1897700036,58,1123.0,1126.0,4,36,Away,,False,711.0,712.0,1.0
PL1897700059,18977,SQ1897700037,59,1127.0,1127.0,1,37,Away,,False,711.0,711.0,0.0
PL1897700060,18977,SQ1897700037,60,1128.0,1132.0,5,37,Home,,False,706.0,709.0,3.0
PL1897700061,18977,SQ1897700038,61,1133.0,1133.0,1,38,Away,,False,704.0,704.0,0.0
PL1897700062,18977,SQ1897700039,62,1134.0,1134.0,1,39,Away,,False,703.0,703.0,0.0
PL1897700063,18977,SQ1897700040,63,1135.0,1135.0,1,40,Away,,False,703.0,703.0,0.0
PL1897700064,18977,SQ1897700040,64,1136.0,1139.0,4,40,Home,,True,696.0,703.0,7.0
PL1897700065,18977,SQ1897700041,65,1140.0,1142.0,3,41,Home,,False,693.0,696.0,3.0
PL1897700066,18977,SQ1897700041,66,1143.0,1146.0,4,41,Away,,False,688.0,690.0,2.0
PL1897700067,18977,SQ1897700042,67,1147.0,1147.0,1,42,Away,,False,683.0,683.0,0.0
PL1897700068,18977,SQ1897700043,68,1148.0,1148.0,1,43,Home,,False,682.0,682.0,0.0
PL1897700069,18977,SQ1897700043,69,1149.0,1151.0,3,43,Away,,True,674.0,679.0,5.0
PL1897700070,18977,SQ1897700044,70,1152.0,1152.0,1,44,Away,,False,674.0,674.0,0.0
PL1897700071,18977,SQ1897700044,71,1153.0,1155.0,3,44,Home,,False,669.0,670.0,1.0
PL1897700072,18977,SQ1897700044,72,1156.0,1156.0,1,44,Home,,False,669.0,669.0,0.0
PL1897700073,18977,SQ1897700045,73,1157.0,1157.0,1,45,Home,,False,669.0,669.0,0.0
PL1897700074,18977,SQ1897700045,74,1158.0,1158.0,1,45,Away,,False,668.0,668.0,0.0
PL1897700075,18977,SQ1897700046,75,1159.0,1159.0,1,46,Away,,False,668.0,668.0,0.0
PL1897700076,18977,SQ1897700046,76,1160.0,1163.0,4,46,Home,,False,659.0,663.0,4.0
PL1897700077,18977,SQ1897700046,77,1164.0,1164.0,1,46,Home,,False,657.0,657.0,0.0
PL1897700078,18977,SQ1897700047,78,1165.0,1165.0,1,47,Home,,False,657.0,657.0,0.0
PL1897700079,18977,SQ1897700047,79,1166.0,1169.0,4,47,Away,,True,652.0,657.0,5.0
PL1897700080,18977,SQ1897700048,80,1170.0,1170.0,1,48,Away,,False,652.0,652.0,0.0
PL1897700081,18977,SQ1897700048,81,1171.0,1174.0,4,48,Home,,True,644.0,647.0,3.0
PL1897700082,18977,SQ1897700048,82,1175.0,1175.0,1,48,Away,,False,644.0,644.0,0.0
PL1897700083,18977,SQ1897700049,83,1176.0,1177.0,2,49,Away,,False,640.0,641.0,1.0
PL1897700084,18977,SQ1897700050,84,1178.0,1178.0,1,50,Away,,False,627.0,627.0,0.0
PL1897700085,18977,SQ1897700051,85,1179.0,1179.0,1,51,Away,,False,626.0,626.0,0.0
PL1897700086,18977,SQ1897700052,86,1180.0,1180.0,1,52,Home,,False,622.0,622.0,0.0
PL1897700087,18977,SQ1897700052,87,1181.0,1181.0,1,52,Away,,False,620.0,620.0,0.0
PL1897700088,18977,SQ1897700053,88,1182.0,1182.0,1,53,Away,,False,620.0,620.0,0.0
PL1897700089,18977,SQ1897700053,89,1183.0,1183.0,1,53,Home,,False,618.0,615.0,-3.0
PL1897700090,18977,SQ1897700054,90,1184.0,1184.0,1,54,Home,,False,614.0,614.0,0.0
PL1897700091,18977,SQ1897700055,91,1185.0,1185.0,1,55,Away,,False,613.0,613.0,0.0
PL1897700092,18977,SQ1897700056,92,1186.0,1186.0,1,56,Home,,False,612.0,612.0,0.0
PL1897700093,18977,SQ1897700056,93,1187.0,1187.0,1,56,Away,,False,611.0,608.0,-3.0
PL1897700094,18977,SQ1897700056,94,1188.0,1189.0,2,56,Home,,False,607.0,607.0,0.0
PL1897700095,18977,SQ1897700057,95,1190.0,1192.0,3,57,Home,,False,577.0,578.0,1.0
PL1897700096,18977,SQ1897700057,96,1193.0,1205.0,13,57,Away,,True,543.0,562.0,19.0
PL1897700097,18977,SQ1897700058,97,1206.0,1206.0,1,58,Away,,False,542.0,542.0,0.0
PL1897700098,18977,SQ1897700058,98,1207.0,1212.0,6,58,Home,,False,527.0,537.0,10.0
PL1897700099,18977,SQ1897700059,99,1213.0,1213.0,1,59,Home,,False,527.0,527.0,0.0
PL1897700100,18977,SQ1897700059,100,1214.0,1225.0,12,59,Away,,True,508.0,523.0,15.0
PL1897700101,18977,SQ1897700059,101,1226.0,1227.0,2,59,Home,,False,507.0,508.0,1.0
PL1897700102,18977,SQ1897700059,102,1228.0,1230.0,3,59,Away,,True,501.0,505.0,4.0
PL1897700103,18977,SQ1897700060,103,1231.0,1231.0,1,60,Away,,False,497.0,497.0,0.0
PL1897700104,18977,SQ1897700060,104,1232.0,1233.0,2,60,Home,,False,496.0,496.0,0.0
PL1897700105,18977,SQ1897700060,105,1234.0,1244.0,11,60,Away,,True,472.0,487.0,15.0
PL1897700106,18977,SQ1897700061,106,1245.0,1246.0,2,61,Home,,False,470.0,470.0,0.0
PL1897700107,18977,SQ1897700062,107,1247.0,1249.0,3,62,Home,,False,445.0,448.0,3.0
PL1897700108,18977,SQ1897700062,108,1250.0,1258.0,9,62,Away,,False,428.0,439.0,11.0
PL1897700109,18977,SQ1897700063,109,1259.0,1260.0,2,63,Home,,False,423.0,425.0,2.0
PL1897700110,18977,SQ1897700064,110,1261.0,1261.0,1,64,Home,,False,421.0,421.0,0.0
PL1897700111,18977,SQ1897700064,111,1262.0,1263.0,2,64,Away,,True,417.0,417.0,0.0
PL1897700112,18977,SQ1897700065,112,1264.0,1264.0,1,65,Away,,False,417.0,417.0,0.0
PL1897700113,18977,SQ1897700065,113,1265.0,1270.0,6,65,Home,,True,406.0,416.0,10.0
PL1897700114,18977,SQ1897700065,114,1271.0,1272.0,2,65,Away,,False,406.0,406.0,0.0
PL1897700115,18977,SQ1897700065,115,1273.0,1276.0,4,65,Home,,True,400.0,402.0,2.0
PL1897700116,18977,SQ1897700065,116,1277.0,1279.0,3,65,Away,,False,398.0,400.0,2.0
PL1897700117,18977,SQ1897700066,117,1280.0,1280.0,1,66,Away,,False,397.0,397.0,0.0
PL1897700118,18977,SQ1897700066,118,1281.0,1296.0,16,66,Home,,True,358.0,395.0,37.0
PL1897700119,18977,SQ1897700067,119,1297.0,1297.0,1,67,Home,,False,358.0,358.0,0.0
PL1897700120,18977,SQ1897700067,120,1298.0,1298.0,1,67,Away,,False,356.0,356.0,0.0
PL1897700121,18977,SQ1897700068,121,1299.0,1300.0,2,68,Away,,False,356.0,356.0,0.0
PL1897700122,18977,SQ1897700069,122,1301.0,1309.0,9,69,Away,,True,310.0,328.0,18.0
PL1897700123,18977,SQ1897700070,123,1310.0,1310.0,1,70,Away,,False,310.0,310.0,0.0
PL1897700124,18977,SQ1897700070,124,1311.0,1311.0,1,70,Home,,False,305.0,305.0,0.0
PL1897700125,18977,SQ1897700071,125,1312.0,1312.0,1,71,Home,,False,305.0,305.0,0.0
PL1897700126,18977,SQ1897700071,126,1313.0,1317.0,5,71,Away,,True,289.0,302.0,13.0
PL1897700127,18977,SQ1897700071,127,1318.0,1318.0,1,71,Away,,False,287.0,287.0,0.0
PL1897700128,18977,SQ1897700072,128,1319.0,1319.0,1,72,Away,,False,287.0,287.0,0.0
PL1897700129,18977,SQ1897700072,129,1320.0,1331.0,12,72,Home,,True,270.0,285.0,15.0
PL1897700130,18977,SQ1897700072,130,1332.0,1334.0,3,72,Away,,False,266.0,270.0,4.0
PL1897700131,18977,SQ1897700073,131,1335.0,1335.0,1,73,Away,,False,266.0,266.0,0.0
PL1897700132,18977,SQ1897700073,132,1336.0,1336.0,1,73,Home,,False,266.0,266.0,0.0
PL1897700133,18977,SQ1897700074,133,1337.0,1337.0,1,74,Home,,False,265.0,265.0,0.0
PL1897700134,18977,SQ1897700074,134,1338.0,1341.0,4,74,Away,,True,259.0,264.0,5.0
PL1897700135,18977,SQ1897700074,135,1342.0,1343.0,2,74,Home,,False,259.0,259.0,0.0
PL1897700136,18977,SQ1897700074,136,1344.0,1345.0,2,74,Away,,False,249.0,252.0,3.0
PL1897700137,18977,SQ1897700075,137,1346.0,1348.0,3,75,Home,,False,239.0,245.0,6.0
PL1897700138,18977,SQ1897700076,138,1349.0,1349.0,1,76,Home,,False,238.0,238.0,0.0
PL1897700139,18977,SQ1897700076,139,1350.0,1357.0,8,76,Away,,True,219.0,234.0,15.0
PL1897700140,18977,SQ1897700076,140,1358.0,1359.0,2,76,Home,,False,219.0,219.0,0.0
PL1897700141,18977,SQ1897700076,141,1360.0,1362.0,3,76,Away,,True,204.0,211.0,7.0
PL1897700142,18977,SQ1897700077,142,1363.0,1363.0,1,77,Away,,False,204.0,204.0,0.0
PL1897700143,18977,SQ1897700077,143,1364.0,1369.0,6,77,Home,,True,198.0,203.0,5.0
PL1897700144,18977,SQ1897700078,144,1370.0,1373.0,4,78,Home,,False,161.0,165.0,4.0
PL1897700145,18977,SQ1897700079,145,1375.0,1380.0,6,79,Away,,False,153.0,160.0,7.0
PL1897700146,18977,SQ1897700080,146,1381.0,1381.0,1,80,Away,,False,153.0,153.0,0.0
PL1897700147,18977,SQ1897700080,147,1382.0,1387.0,6,80,Home,,False,135.0,142.0,7.0
PL1897700148,18977,SQ1897700081,148,1388.0,1388.0,1,81,Home,,False,135.0,135.0,0.0
PL1897700149,18977,SQ1897700081,149,1389.0,1394.0,6,81,Away,,False,125.0,131.0,6.0
PL1897700150,18977,SQ1897700081,150,1395.0,1395.0,1,81,Away,,False,122.0,122.0,0.0
PL1897700151,18977,SQ1897700082,151,1396.0,1396.0,1,82,Away,,False,122.0,122.0,0.0
PL1897700152,18977,SQ1897700082,152,1397.0,1398.0,2,82,Home,,False,120.0,121.0,1.0
PL1897700153,18977,SQ1897700083,153,1399.0,1399.0,1,83,Home,,False,120.0,120.0,0.0
PL1897700154,18977,SQ1897700083,154,1400.0,1403.0,4,83,Away,,False,108.0,109.0,1.0
PL1897700155,18977,SQ1897700084,155,1404.0,1404.0,1,84,Away,,False,108.0,108.0,0.0
PL1897700156,18977,SQ1897700084,156,1405.0,1407.0,3,84,Home,,False,101.0,102.0,1.0
PL1897700157,18977,SQ1897700085,157,1408.0,1408.0,1,85,Home,,False,99.0,99.0,0.0
PL1897700158,18977,SQ1897700085,158,1409.0,1410.0,2,85,Away,,True,92.0,92.0,0.0
PL1897700159,18977,SQ1897700085,159,1411.0,1417.0,7,85,Home,,False,85.0,92.0,7.0
PL1897700160,18977,SQ1897700086,160,1418.0,1419.0,2,86,Away,,False,82.0,83.0,1.0
PL1897700161,18977,SQ1897700087,161,1420.0,1420.0,1,87,Away,,False,82.0,82.0,0.0
PL1897700162,18977,SQ1897700087,162,1421.0,1421.0,1,87,Home,,False,82.0,77.0,-5.0
PL1897700163,18977,SQ1897700088,163,1422.0,1422.0,1,88,Home,,False,77.0,77.0,0.0
PL1897700164,18977,SQ1897700088,164,1423.0,1424.0,2,88,Away,,False,73.0,74.0,1.0
PL1897700165,18977,SQ1897700089,165,1425.0,1425.0,1,89,Away,,False,72.0,72.0,0.0
PL1897700166,18977,SQ1897700089,166,1426.0,1432.0,7,89,Home,,False,62.0,71.0,9.0
PL1897700167,18977,SQ1897700090,167,1433.0,1438.0,6,90,Away,,False,44.0,57.0,13.0
PL1897700168,18977,SQ1897700091,168,1439.0,1443.0,5,91,Home,,True,31.0,41.0,10.0
PL1897700169,18977,SQ1897700091,169,1444.0,1450.0,7,91,Away,,False,24.0,31.0,7.0
PL1897700170,18977,SQ1897700091,170,1451.0,1451.0,1,91,Away,,False,20.0,20.0,0.0
PL1897700171,18977,SQ1897700092,171,1452.0,1452.0,1,92,Away,,False,20.0,20.0,0.0
PL1897700172,18977,SQ1897700093,172,1453.0,1454.0,2,93,Home,,False,20.0,20.0,0.0
PL1897700173,18977,SQ1897700094,173,1455.0,1456.0,2,94,Away,,True,3.0,3.0,0.0
PL1897700174,18977,SQ1897700094,174,1457.0,1457.0,1,94,Home,,False,3.0,3.0,0.0
PL1897700175,18977,SQ1897700095,175,1458.0,1458.0,1,95,Home,,False,1.0,0.0,-1.0
PL1897700176,18977,SQ1897700096,176,1459.0,1459.0,1,96,0,,False,1156.0,1088.0,-68.0
PL1897700177,18977,SQ1897700097,177,1460.0,1461.0,2,97,Home,,False,1078.0,1080.0,2.0
PL1897700178,18977,SQ1897700098,178,1462.0,1463.0,2,98,Home,,False,1073.0,1073.0,0.0
PL1897700179,18977,SQ1897700099,179,1464.0,1468.0,5,99,Home,,False,1050.0,1055.0,5.0
PL1897700180,18977,SQ1897700100,180,1469.0,1469.0,1,100,Home,,False,1050.0,1050.0,0.0
PL1897700181,18977,SQ1897700100,181,1470.0,1471.0,2,100,Away,,False,1045.0,1045.0,0.0
PL1897700182,18977,SQ1897700101,182,1472.0,1472.0,1,101,Away,,False,1045.0,1045.0,0.0
PL1897700183,18977,SQ1897700101,183,1473.0,1479.0,7,101,Home,,True,1032.0,1043.0,11.0
PL1897700184,18977,SQ1897700102,184,1480.0,1480.0,1,102,Home,,False,1032.0,1032.0,0.0
PL1897700185,18977,SQ1897700103,185,1481.0,1482.0,2,103,Away,,False,1031.0,1031.0,0.0
PL1897700186,18977,SQ1897700104,186,1483.0,1487.0,5,104,Home,,True,996.0,1000.0,4.0
PL1897700187,18977,SQ1897700105,187,1488.0,1488.0,1,105,Home,,False,996.0,996.0,0.0
PL1897700188,18977,SQ1897700105,188,1489.0,1493.0,5,105,Away,,True,983.0,993.0,10.0
PL1897700189,18977,SQ1897700105,189,1494.0,1495.0,2,105,Home,,False,983.0,983.0,0.0
PL1897700190,18977,SQ1897700105,190,1496.0,1498.0,3,105,Away,,True,974.0,978.0,4.0
PL1897700191,18977,SQ1897700105,191,1499.0,1502.0,4,105,Home,,False,970.0,974.0,4.0
PL1897700192,18977,SQ1897700106,192,1503.0,1504.0,2,106,Away,,False,969.0,969.0,0.0
PL1897700193,18977,SQ1897700107,193,1505.0,1505.0,1,107,Away,,False,964.0,964.0,0.0
PL1897700194,18977,SQ1897700107,194,1506.0,1507.0,2,107,Home,,False,956.0,956.0,0.0
PL1897700195,18977,SQ1897700108,195,1508.0,1508.0,1,108,Away,,False,951.0,951.0,0.0
PL1897700196,18977,SQ1897700108,196,1509.0,1509.0,1,108,Home,,False,949.0,949.0,0.0
PL1897700197,18977,SQ1897700108,197,1510.0,1512.0,3,108,Away,,False,943.0,943.0,0.0
PL1897700198,18977,SQ1897700109,198,1513.0,1513.0,1,109,Away,,False,943.0,943.0,0.0
PL1897700199,18977,SQ1897700109,199,1514.0,1514.0,1,109,Home,,False,940.0,940.0,0.0
PL1897700200,18977,SQ1897700110,200,1515.0,1515.0,1,110,Home,,False,940.0,940.0,0.0
PL1897700201,18977,SQ1897700110,201,1516.0,1526.0,11,110,Away,,True,911.0,932.0,21.0
PL1897700202,18977,SQ1897700111,202,1527.0,1527.0,1,111,Away,,False,911.0,911.0,0.0
PL1897700203,18977,SQ1897700111,203,1528.0,1533.0,6,111,Home,,False,895.0,909.0,14.0
PL1897700204,18977,SQ1897700112,204,1534.0,1534.0,1,112,Home,,False,895.0,895.0,0.0
PL1897700205,18977,SQ1897700113,205,1535.0,1536.0,2,113,Away,,False,886.0,888.0,2.0
PL1897700206,18977,SQ1897700114,206,1537.0,1537.0,1,114,Home,,False,862.0,862.0,0.0
PL1897700207,18977,SQ1897700114,207,1538.0,1542.0,5,114,Away,,True,845.0,855.0,10.0
PL1897700208,18977,SQ1897700114,208,1543.0,1544.0,2,114,Home,,False,845.0,845.0,0.0
PL1897700209,18977,SQ1897700114,209,1545.0,1546.0,2,114,Away,,False,841.0,841.0,0.0
PL1897700210,18977,SQ1897700115,210,1547.0,1547.0,1,115,Away,,False,841.0,841.0,0.0
PL1897700211,18977,SQ1897700115,211,1548.0,1555.0,8,115,Home,,False,823.0,837.0,14.0
PL1897700212,18977,SQ1897700116,212,1556.0,1556.0,1,116,Home,,False,823.0,823.0,0.0
PL1897700213,18977,SQ1897700116,213,1557.0,1559.0,3,116,Away,,False,816.0,816.0,0.0
PL1897700214,18977,SQ1897700117,214,1560.0,1560.0,1,117,Away,,False,814.0,814.0,0.0
PL1897700215,18977,SQ1897700117,215,1561.0,1566.0,6,117,Home,,False,804.0,811.0,7.0
PL1897700216,18977,SQ1897700118,216,1567.0,1567.0,1,118,Away,,False,800.0,800.0,0.0
PL1897700217,18977,SQ1897700119,217,1568.0,1569.0,2,119,Away,,False,797.0,797.0,0.0
PL1897700218,18977,SQ1897700120,218,1570.0,1570.0,1,120,Away,,False,763.0,763.0,0.0
PL1897700219,18977,SQ1897700120,219,1571.0,1571.0,1,120,Home,,True,762.0,762.0,0.0
PL1897700220,18977,SQ1897700120,220,1572.0,1573.0,2,120,Away,,False,762.0,762.0,0.0
PL1897700221,18977,SQ1897700120,221,1574.0,1580.0,7,120,Home,,True,742.0,754.0,12.0
PL1897700222,18977,SQ1897700120,222,1581.0,1581.0,1,120,Away,,False,742.0,742.0,0.0
PL1897700223,18977,SQ1897700121,223,1582.0,1583.0,2,121,Away,,False,742.0,742.0,0.0
PL1897700224,18977,SQ1897700122,224,1584.0,1590.0,7,122,Away,,True,717.0,725.0,8.0
PL1897700225,18977,SQ1897700122,225,1591.0,1593.0,3,122,Home,,False,711.0,717.0,6.0
PL1897700226,18977,SQ1897700122,226,1594.0,1594.0,1,122,Away,,False,711.0,711.0,0.0
PL1897700227,18977,SQ1897700122,227,1595.0,1598.0,4,122,Home,,False,703.0,708.0,5.0
PL1897700228,18977,SQ1897700123,228,1599.0,1599.0,1,123,Home,,False,703.0,703.0,0.0
PL1897700229,18977,SQ1897700123,229,1600.0,1601.0,2,123,Away,,False,699.0,699.0,0.0
PL1897700230,18977,SQ1897700124,230,1602.0,1602.0,1,124,Away,,False,699.0,699.0,0.0
PL1897700231,18977,SQ1897700124,231,1603.0,1613.0,11,124,Home,,True,682.0,695.0,13.0
PL1897700232,18977,SQ1897700125,232,1614.0,1617.0,4,125,Away,,False,650.0,653.0,3.0
PL1897700233,18977,SQ1897700126,233,1618.0,1618.0,1,126,Away,,False,650.0,650.0,0.0
PL1897700234,18977,SQ1897700126,234,1619.0,1622.0,4,126,Home,,False,635.0,645.0,10.0
PL1897700235,18977,SQ1897700127,235,1623.0,1623.0,1,127,Home,,False,635.0,635.0,0.0
PL1897700236,18977,SQ1897700127,236,1624.0,1625.0,2,127,Away,,True,629.0,629.0,0.0
PL1897700237,18977,SQ1897700127,237,1626.0,1629.0,4,127,Home,,False,621.0,629.0,8.0
PL1897700238,18977,SQ1897700128,238,1630.0,1630.0,1,128,Home,,False,621.0,621.0,0.0
PL1897700239,18977,SQ1897700128,239,1631.0,1635.0,5,128,Away,,True,599.0,621.0,22.0
PL1897700240,18977,SQ1897700128,240,1636.0,1637.0,2,128,Home,,False,599.0,599.0,0.0
PL1897700241,18977,SQ1897700128,241,1638.0,1638.0,1,128,Away,,False,596.0,596.0,0.0
PL1897700242,18977,SQ1897700128,242,1639.0,1641.0,3,128,Home,,False,582.0,588.0,6.0
PL1897700243,18977,SQ1897700129,243,1642.0,1642.0,1,129,Home,,False,582.0,582.0,0.0
PL1897700244,18977,SQ1897700129,244,1643.0,1645.0,3,129,Away,,False,575.0,577.0,2.0
PL1897700245,18977,SQ1897700130,245,1646.0,1646.0,1,130,Away,,False,572.0,572.0,0.0
PL1897700246,18977,SQ1897700130,246,1647.0,1649.0,3,130,Home,,False,565.0,568.0,3.0
PL1897700247,18977,SQ1897700131,247,1650.0,1650.0,1,131,Home,,False,565.0,565.0,0.0
PL1897700248,18977,SQ1897700132,248,1651.0,1651.0,1,132,Away,,False,563.0,563.0,0.0
PL1897700249,18977,SQ1897700132,249,1652.0,1653.0,2,132,Home,,True,560.0,560.0,0.0
PL1897700250,18977,SQ1897700132,250,1654.0,1654.0,1,132,Away,,False,560.0,560.0,0.0
PL1897700251,18977,SQ1897700133,251,1656.0,1657.0,2,133,Away,,False,560.0,560.0,0.0
PL1897700252,18977,SQ1897700134,252,1658.0,1658.0,1,134,Away,,False,528.0,528.0,0.0
PL1897700253,18977,SQ1897700134,253,1659.0,1661.0,3,134,Home,,False,521.0,523.0,2.0
PL1897700254,18977,SQ1897700135,254,1662.0,1662.0,1,135,Home,,False,521.0,521.0,0.0
PL1897700255,18977,SQ1897700136,255,1663.0,1663.0,1,136,Away,,False,517.0,517.0,0.0
PL1897700256,18977,SQ1897700136,256,1664.0,1670.0,7,136,Home,,True,504.0,515.0,11.0
PL1897700257,18977,SQ1897700137,257,1671.0,1671.0,1,137,Home,,False,504.0,504.0,0.0
PL1897700258,18977,SQ1897700137,258,1672.0,1672.0,1,137,Away,,False,499.0,499.0,0.0
PL1897700259,18977,SQ1897700138,259,1673.0,1673.0,1,138,Away,,False,499.0,499.0,0.0
PL1897700260,18977,SQ1897700138,260,1674.0,1680.0,7,138,Home,,False,488.0,497.0,9.0
PL1897700261,18977,SQ1897700139,261,1681.0,1681.0,1,139,Home,,False,488.0,488.0,0.0
PL1897700262,18977,SQ1897700139,262,1682.0,1682.0,1,139,Away,,False,482.0,482.0,0.0
PL1897700263,18977,SQ1897700140,263,1683.0,1686.0,4,140,Home,,True,478.0,482.0,4.0
PL1897700264,18977,SQ1897700140,264,1687.0,1687.0,1,140,Away,,False,478.0,478.0,0.0
PL1897700265,18977,SQ1897700141,265,1688.0,1689.0,2,141,Away,,False,478.0,478.0,0.0
PL1897700266,18977,SQ1897700142,266,1690.0,1692.0,3,142,Home,,False,449.0,451.0,2.0
PL1897700267,18977,SQ1897700142,267,1693.0,1698.0,6,142,Away,,False,439.0,444.0,5.0
PL1897700268,18977,SQ1897700143,268,1699.0,1699.0,1,143,Away,,False,439.0,439.0,0.0
PL1897700269,18977,SQ1897700144,269,1700.0,1701.0,2,144,Home,,False,435.0,435.0,0.0
PL1897700270,18977,SQ1897700145,270,1702.0,1702.0,1,145,Away,,False,432.0,432.0,0.0
PL1897700271,18977,SQ1897700145,271,1703.0,1707.0,5,145,Home,,False,429.0,430.0,1.0
PL1897700272,18977,SQ1897700145,272,1708.0,1708.0,1,145,Away,,False,427.0,427.0,0.0
PL1897700273,18977,SQ1897700145,273,1709.0,1713.0,5,145,Home,,True,420.0,424.0,4.0
PL1897700274,18977,SQ1897700145,274,1714.0,1715.0,2,145,Away,,False,412.0,413.0,1.0
PL1897700275,18977,SQ1897700146,275,1716.0,1717.0,2,146,Home,,False,410.0,411.0,1.0
PL1897700276,18977,SQ1897700147,276,1718.0,1718.0,1,147,Home,,False,410.0,410.0,0.0
PL1897700277,18977,SQ1897700147,277,1719.0,1723.0,5,147,Away,,False,400.0,405.0,5.0
PL1897700278,18977,SQ1897700147,278,1724.0,1724.0,1,147,Away,,False,397.0,397.0,0.0
PL1897700279,18977,SQ1897700148,279,1725.0,1730.0,6,148,Home,,True,385.0,397.0,12.0
PL1897700280,18977,SQ1897700149,280,1731.0,1731.0,1,149,Home,,False,385.0,385.0,0.0
PL1897700281,18977,SQ1897700150,281,1732.0,1732.0,1,150,Away,,False,379.0,379.0,0.0
PL1897700282,18977,SQ1897700151,282,1733.0,1736.0,4,151,Away,,False,348.0,353.0,5.0
PL1897700283,18977,SQ1897700152,283,1737.0,1737.0,1,152,Away,,False,342.0,342.0,0.0
PL1897700284,18977,SQ1897700152,284,1738.0,1743.0,6,152,Home,,False,333.0,340.0,7.0
PL1897700285,18977,SQ1897700153,285,1744.0,1744.0,1,153,Away,,False,331.0,331.0,0.0
PL1897700286,18977,SQ1897700154,286,1745.0,1745.0,1,154,Away,,False,327.0,327.0,0.0
PL1897700287,18977,SQ1897700154,287,1746.0,1746.0,1,154,Home,,False,327.0,327.0,0.0
PL1897700288,18977,SQ1897700155,288,1747.0,1747.0,1,155,Home,,False,327.0,327.0,0.0
PL1897700289,18977,SQ1897700155,289,1748.0,1748.0,1,155,Away,,False,321.0,321.0,0.0
PL1897700290,18977,SQ1897700156,290,1749.0,1749.0,1,156,Away,,False,321.0,321.0,0.0
PL1897700291,18977,SQ1897700156,291,1750.0,1755.0,6,156,Home,,False,310.0,312.0,2.0
PL1897700292,18977,SQ1897700157,292,1756.0,1768.0,13,157,Away,,True,293.0,307.0,14.0
PL1897700293,18977,SQ1897700157,293,1769.0,1772.0,4,157,Home,,False,287.0,293.0,6.0
PL1897700294,18977,SQ1897700158,294,1773.0,1773.0,1,158,Home,,False,284.0,284.0,0.0
PL1897700295,18977,SQ1897700158,295,1774.0,1777.0,4,158,Away,,True,279.0,284.0,5.0
PL1897700296,18977,SQ1897700158,296,1778.0,1779.0,2,158,Home,,False,278.0,279.0,1.0
PL1897700297,18977,SQ1897700158,297,1780.0,1780.0,1,158,Away,,True,277.0,277.0,0.0
PL1897700298,18977,SQ1897700158,298,1781.0,1781.0,1,158,Home,,False,277.0,277.0,0.0
PL1897700299,18977,SQ1897700159,299,1782.0,1783.0,2,159,Home,,False,277.0,277.0,0.0
PL1897700300,18977,SQ1897700160,300,1784.0,1785.0,2,160,Home,,False,252.0,254.0,2.0
PL1897700301,18977,SQ1897700161,301,1786.0,1786.0,1,161,Home,,False,252.0,252.0,0.0
PL1897700302,18977,SQ1897700161,302,1787.0,1787.0,1,161,Away,,False,250.0,250.0,0.0
PL1897700303,18977,SQ1897700162,303,1788.0,1789.0,2,162,Away,,False,249.0,250.0,1.0
PL1897700304,18977,SQ1897700163,304,1790.0,1791.0,2,163,Away,,False,240.0,243.0,3.0
PL1897700305,18977,SQ1897700164,305,1792.0,1800.0,9,164,Home,,True,204.0,218.0,14.0
PL1897700306,18977,SQ1897700164,306,1801.0,1801.0,1,164,Away,,False,204.0,204.0,0.0
PL1897700307,18977,SQ1897700165,307,1802.0,1803.0,2,165,Away,,False,204.0,204.0,0.0
PL1897700308,18977,SQ1897700166,308,1804.0,1805.0,2,166,Away,,False,183.0,184.0,1.0
PL1897700309,18977,SQ1897700167,309,1806.0,1806.0,1,167,Away,,False,177.0,177.0,0.0
PL1897700310,18977,SQ1897700167,310,1807.0,1811.0,5,167,Home,,True,170.0,177.0,7.0
PL1897700311,18977,SQ1897700167,311,1812.0,1812.0,1,167,Away,,False,169.0,169.0,0.0
PL1897700312,18977,SQ1897700167,312,1813.0,1814.0,2,167,Home,,False,163.0,163.0,0.0
PL1897700313,18977,SQ1897700168,313,1815.0,1815.0,1,168,Home,,False,163.0,163.0,0.0
PL1897700314,18977,SQ1897700168,314,1816.0,1818.0,3,168,Away,,False,157.0,157.0,0.0
PL1897700315,18977,SQ1897700169,315,1819.0,1819.0,1,169,Away,,False,150.0,150.0,0.0
PL1897700316,18977,SQ1897700169,316,1820.0,1821.0,2,169,Home,,False,145.0,145.0,0.0
PL1897700317,18977,SQ1897700170,317,1822.0,1823.0,2,170,Home,,False,145.0,145.0,0.0
PL1897700318,18977,SQ1897700170,318,1824.0,1824.0,1,170,Away,,False,142.0,139.0,-3.0
PL1897700319,18977,SQ1897700171,319,1825.0,1829.0,5,171,Home,,True,131.0,139.0,8.0
PL1897700320,18977,SQ1897700172,320,1830.0,1830.0,1,172,Away,,False,130.0,130.0,0.0
PL1897700321,18977,SQ1897700173,321,1831.0,1831.0,1,173,Away,,False,130.0,130.0,0.0
PL1897700322,18977,SQ1897700173,322,1832.0,1837.0,6,173,Home,,True,116.0,125.0,9.0
PL1897700323,18977,SQ1897700173,323,1838.0,1839.0,2,173,Away,,False,116.0,116.0,0.0
PL1897700324,18977,SQ1897700173,324,1840.0,1840.0,1,173,Home,,True,112.0,112.0,0.0
PL1897700325,18977,SQ1897700174,325,1841.0,1841.0,1,174,Home,,False,112.0,112.0,0.0
PL1897700326,18977,SQ1897700174,326,1842.0,1842.0,1,174,Away,,False,112.0,107.0,-5.0
PL1897700327,18977,SQ1897700174,327,1843.0,1843.0,1,174,Home,,False,107.0,107.0,0.0
PL1897700328,18977,SQ1897700174,328,1844.0,1848.0,5,174,Away,,True,98.0,103.0,5.0
PL1897700329,18977,SQ1897700174,329,1849.0,1853.0,5,174,Home,,False,93.0,98.0,5.0
PL1897700330,18977,SQ1897700175,330,1854.0,1854.0,1,175,Home,,False,92.0,92.0,0.0
PL1897700331,18977,SQ1897700175,331,1855.0,1855.0,1,175,Away,,False,91.0,89.0,-2.0
PL1897700332,18977,SQ1897700175,332,1856.0,1856.0,1,175,Away,,False,89.0,89.0,0.0
PL1897700333,18977,SQ1897700176,333,1857.0,1861.0,5,176,Home,,True,84.0,89.0,5.0
PL1897700334,18977,SQ1897700176,334,1862.0,1864.0,3,176,Away,,False,84.0,84.0,0.0
PL1897700335,18977,SQ1897700177,335,1865.0,1865.0,1,177,Away,,False,74.0,74.0,0.0
PL1897700336,18977,SQ1897700178,336,1866.0,1866.0,1,178,Away,,False,74.0,74.0,0.0
PL1897700337,18977,SQ1897700178,337,1867.0,1872.0,6,178,Home,,True,72.0,74.0,2.0
PL1897700338,18977,SQ1897700179,338,1873.0,1875.0,3,179,Home,,False,39.0,41.0,2.0
PL1897700339,18977,SQ1897700180,339,1876.0,1876.0,1,180,Home,,False,39.0,39.0,0.0
PL1897700340,18977,SQ1897700181,340,1877.0,1878.0,2,181,Away,,False,31.0,32.0,1.0
PL1897700341,18977,SQ1897700182,341,1879.0,1885.0,7,182,Away,,True,5.0,13.0,8.0
PL1897700342,18977,SQ1897700182,342,1886.0,1887.0,2,182,Home,,False,5.0,5.0,0.0
PL1897700343,18977,SQ1897700182,343,1888.0,1889.0,2,182,Away,,True,1.0,1.0,0.0
PL1897700344,18977,SQ1897700183,344,1890.0,1890.0,1,183,0,,False,1.0,0.0,-1.0
PL1897700345,18977,SQ1897700184,345,1891.0,1891.0,1,184,0,,False,2306.0,2236.0,-70.0
PL1897700346,18977,SQ1897700185,346,1892.0,1893.0,2,185,Away,,False,1079.0,1080.0,1.0
PL1897700347,18977,SQ1897700186,347,1894.0,1894.0,1,186,Away,,False,1076.0,1076.0,0.0
PL1897700348,18977,SQ1897700186,348,1895.0,1898.0,4,186,Home,,True,1071.0,1073.0,2.0
PL1897700349,18977,SQ1897700187,349,1899.0,1899.0,1,187,Home,,False,1072.0,1072.0,0.0
PL1897700350,18977,SQ1897700188,350,1900.0,1900.0,1,188,Away,,False,1070.0,1070.0,0.0
PL1897700351,18977,SQ1897700188,351,1901.0,1904.0,4,188,Home,,True,1063.0,1068.0,5.0
PL1897700352,18977,SQ1897700189,352,1905.0,1905.0,1,189,Home,,False,1063.0,1063.0,0.0
PL1897700353,18977,SQ1897700189,353,1906.0,1906.0,1,189,Away,,False,1060.0,1057.0,-3.0
PL1897700354,18977,SQ1897700190,354,1907.0,1913.0,7,190,Home,,True,1043.0,1057.0,14.0
PL1897700355,18977,SQ1897700191,355,1914.0,1915.0,2,191,Home,,False,1037.0,1037.0,0.0
PL1897700356,18977,SQ1897700192,356,1916.0,1918.0,3,192,Home,,True,1010.0,1012.0,2.0
PL1897700357,18977,SQ1897700193,357,1919.0,1919.0,1,193,Home,,False,1009.0,1009.0,0.0
PL1897700358,18977,SQ1897700193,358,1920.0,1921.0,2,193,Away,,False,1004.0,1007.0,3.0
PL1897700359,18977,SQ1897700194,359,1922.0,1928.0,7,194,Home,,False,993.0,1004.0,11.0
PL1897700360,18977,SQ1897700195,360,1929.0,1929.0,1,195,Home,,False,993.0,993.0,0.0
PL1897700361,18977,SQ1897700195,361,1930.0,1933.0,4,195,Away,,True,984.0,992.0,8.0
PL1897700362,18977,SQ1897700195,362,1934.0,1934.0,1,195,Home,,False,984.0,984.0,0.0
PL1897700363,18977,SQ1897700196,363,1935.0,1936.0,2,196,Home,,False,984.0,984.0,0.0
PL1897700364,18977,SQ1897700197,364,1937.0,1938.0,2,197,Away,,True,966.0,967.0,1.0
PL1897700365,18977,SQ1897700197,365,1939.0,1939.0,1,197,Home,,False,966.0,966.0,0.0
PL1897700366,18977,SQ1897700198,366,1940.0,1941.0,2,198,Home,,False,966.0,966.0,0.0
PL1897700367,18977,SQ1897700199,367,1942.0,1943.0,2,199,Away,,True,950.0,951.0,1.0
PL1897700368,18977,SQ1897700199,368,1944.0,1945.0,2,199,Home,,False,950.0,950.0,0.0
PL1897700369,18977,SQ1897700199,369,1946.0,1949.0,4,199,Away,,False,935.0,944.0,9.0
PL1897700370,18977,SQ1897700199,370,1950.0,1950.0,1,199,Away,,False,933.0,933.0,0.0
PL1897700371,18977,SQ1897700200,371,1951.0,1951.0,1,200,Away,,False,933.0,933.0,0.0
PL1897700372,18977,SQ1897700200,372,1952.0,1952.0,1,200,Home,,False,932.0,930.0,-2.0
PL1897700373,18977,SQ1897700200,373,1953.0,1954.0,2,200,Away,,False,930.0,930.0,0.0
PL1897700374,18977,SQ1897700200,374,1955.0,1957.0,3,200,Home,,False,925.0,928.0,3.0
PL1897700375,18977,SQ1897700201,375,1958.0,1958.0,1,201,Home,,False,925.0,925.0,0.0
PL1897700376,18977,SQ1897700202,376,1959.0,1959.0,1,202,Away,,False,920.0,920.0,0.0
PL1897700377,18977,SQ1897700202,377,1960.0,1964.0,5,202,Home,,True,912.0,919.0,7.0
PL1897700378,18977,SQ1897700202,378,1965.0,1974.0,10,202,Away,,True,885.0,907.0,22.0
PL1897700379,18977,SQ1897700203,379,1975.0,1976.0,2,203,Home,,False,885.0,885.0,0.0
PL1897700380,18977,SQ1897700204,380,1977.0,1977.0,1,204,Home,,False,856.0,856.0,0.0
PL1897700381,18977,SQ1897700205,381,1978.0,1979.0,2,205,Home,,False,849.0,854.0,5.0
PL1897700382,18977,SQ1897700206,382,1980.0,1983.0,4,206,Home,,False,818.0,829.0,11.0
PL1897700383,18977,SQ1897700206,383,1984.0,1991.0,8,206,Away,,True,806.0,816.0,10.0
PL1897700384,18977,SQ1897700206,384,1992.0,1992.0,1,206,Home,,False,806.0,806.0,0.0
PL1897700385,18977,SQ1897700207,385,1993.0,1994.0,2,207,Home,,False,806.0,806.0,0.0
PL1897700386,18977,SQ1897700208,386,1995.0,1996.0,2,208,Away,,True,782.0,783.0,1.0
PL1897700387,18977,SQ1897700209,387,1997.0,1997.0,1,209,Away,,False,782.0,782.0,0.0
PL1897700388,18977,SQ1897700209,388,1998.0,2001.0,4,209,Home,,False,776.0,777.0,1.0
PL1897700389,18977,SQ1897700210,389,2002.0,2002.0,1,210,Home,,False,774.0,774.0,0.0
PL1897700390,18977,SQ1897700210,390,2003.0,2006.0,4,210,Away,,False,771.0,771.0,0.0
PL1897700391,18977,SQ1897700211,391,2007.0,2007.0,1,211,Away,,False,771.0,771.0,0.0
PL1897700392,18977,SQ1897700211,392,2008.0,2014.0,7,211,Home,,False,754.0,764.0,10.0
PL1897700393,18977,SQ1897700212,393,2015.0,2015.0,1,212,Home,,False,750.0,750.0,0.0
PL1897700394,18977,SQ1897700212,394,2016.0,2017.0,2,212,Away,,False,747.0,747.0,0.0
PL1897700395,18977,SQ1897700213,395,2018.0,2018.0,1,213,Away,,False,747.0,747.0,0.0
PL1897700396,18977,SQ1897700213,396,2019.0,2020.0,2,213,Home,,False,743.0,744.0,1.0
PL1897700397,18977,SQ1897700214,397,2021.0,2021.0,1,214,Home,,False,741.0,741.0,0.0
PL1897700398,18977,SQ1897700214,398,2022.0,2022.0,1,214,Away,,False,741.0,741.0,0.0
PL1897700399,18977,SQ1897700215,399,2023.0,2023.0,1,215,Away,,False,739.0,739.0,0.0
PL1897700400,18977,SQ1897700215,400,2024.0,2025.0,2,215,Home,,False,737.0,737.0,0.0
PL1897700401,18977,SQ1897700216,401,2026.0,2026.0,1,216,Home,,False,735.0,735.0,0.0
PL1897700402,18977,SQ1897700216,402,2027.0,2036.0,10,216,Away,,True,717.0,732.0,15.0
PL1897700403,18977,SQ1897700216,403,2037.0,2038.0,2,216,Home,,False,716.0,717.0,1.0
PL1897700404,18977,SQ1897700216,404,2039.0,2039.0,1,216,Home,,False,710.0,710.0,0.0
PL1897700405,18977,SQ1897700217,405,2040.0,2040.0,1,217,Home,,False,710.0,710.0,0.0
PL1897700406,18977,SQ1897700217,406,2041.0,2043.0,3,217,Away,,True,709.0,710.0,1.0
PL1897700407,18977,SQ1897700217,407,2044.0,2046.0,3,217,Home,,False,705.0,709.0,4.0
PL1897700408,18977,SQ1897700218,408,2047.0,2047.0,1,218,Home,,False,705.0,705.0,0.0
PL1897700409,18977,SQ1897700218,409,2048.0,2052.0,5,218,Away,,True,696.0,699.0,3.0
PL1897700410,18977,SQ1897700219,410,2053.0,2053.0,1,219,Away,,False,696.0,696.0,0.0
PL1897700411,18977,SQ1897700219,411,2054.0,2059.0,6,219,Home,,True,685.0,690.0,5.0
PL1897700412,18977,SQ1897700219,412,2060.0,2061.0,2,219,Away,,False,685.0,685.0,0.0
PL1897700413,18977,SQ1897700219,413,2062.0,2064.0,3,219,Home,,True,681.0,683.0,2.0
PL1897700414,18977,SQ1897700219,414,2065.0,2073.0,9,219,Away,,True,669.0,681.0,12.0
PL1897700415,18977,SQ1897700219,415,2074.0,2077.0,4,219,Home,,False,665.0,669.0,4.0
PL1897700416,18977,SQ1897700220,416,2078.0,2078.0,1,220,Home,,False,663.0,663.0,0.0
PL1897700417,18977,SQ1897700220,417,2079.0,2086.0,8,220,Away,,True,639.0,659.0,20.0
PL1897700418,18977,SQ1897700221,418,2087.0,2087.0,1,221,Away,,False,639.0,639.0,0.0
PL1897700419,18977,SQ1897700221,419,2088.0,2095.0,8,221,Home,,True,621.0,630.0,9.0
PL1897700420,18977,SQ1897700222,420,2096.0,2096.0,1,222,Home,,False,621.0,621.0,0.0
PL1897700421,18977,SQ1897700222,421,2097.0,2106.0,10,222,Away,,True,602.0,617.0,15.0
PL1897700422,18977,SQ1897700222,422,2107.0,2107.0,1,222,Home,,False,602.0,602.0,0.0
PL1897700423,18977,SQ1897700223,423,2108.0,2109.0,2,223,Home,,False,602.0,602.0,0.0
PL1897700424,18977,SQ1897700224,424,2110.0,2111.0,2,224,Home,,False,573.0,573.0,0.0
PL1897700425,18977,SQ1897700225,425,2112.0,2112.0,1,225,Home,,False,573.0,573.0,0.0
PL1897700426,18977,SQ1897700225,426,2113.0,2117.0,5,225,Away,,True,560.0,568.0,8.0
PL1897700427,18977,SQ1897700226,427,2118.0,2118.0,1,226,Away,,False,560.0,560.0,0.0
PL1897700428,18977,SQ1897700226,428,2119.0,2119.0,1,226,Home,,False,555.0,555.0,0.0
PL1897700429,18977,SQ1897700227,429,2120.0,2120.0,1,227,Home,,False,555.0,555.0,0.0
PL1897700430,18977,SQ1897700227,430,2121.0,2121.0,1,227,Away,,False,554.0,554.0,0.0
PL1897700431,18977,SQ1897700228,431,2122.0,2122.0,1,228,Away,,False,554.0,554.0,0.0
PL1897700432,18977,SQ1897700228,432,2123.0,2133.0,11,228,Home,,True,534.0,547.0,13.0
PL1897700433,18977,SQ1897700228,433,2134.0,2134.0,1,228,Away,,False,534.0,534.0,0.0
PL1897700434,18977,SQ1897700229,434,2135.0,2136.0,2,229,Away,,False,534.0,534.0,0.0
PL1897700435,18977,SQ1897700230,435,2137.0,2138.0,2,230,Home,,True,514.0,515.0,1.0
PL1897700436,18977,SQ1897700230,436,2139.0,2140.0,2,230,Away,,False,514.0,514.0,0.0
PL1897700437,18977,SQ1897700230,437,2141.0,2142.0,2,230,Home,,False,510.0,510.0,0.0
PL1897700438,18977,SQ1897700231,438,2143.0,2143.0,1,231,Home,,False,508.0,508.0,0.0
PL1897700439,18977,SQ1897700231,439,2144.0,2145.0,2,231,Away,,False,504.0,504.0,0.0
PL1897700440,18977,SQ1897700232,440,2146.0,2146.0,1,232,Away,,False,502.0,502.0,0.0
PL1897700441,18977,SQ1897700232,441,2147.0,2153.0,7,232,Home,,True,493.0,501.0,8.0
PL1897700442,18977,SQ1897700233,442,2154.0,2154.0,1,233,Home,,False,493.0,493.0,0.0
PL1897700443,18977,SQ1897700234,443,2155.0,2155.0,1,234,Away,,False,493.0,493.0,0.0
PL1897700444,18977,SQ1897700234,444,2156.0,2162.0,7,234,Home,,True,478.0,487.0,9.0
PL1897700445,18977,SQ1897700234,445,2163.0,2164.0,2,234,Away,,False,478.0,478.0,0.0
PL1897700446,18977,SQ1897700234,446,2165.0,2165.0,1,234,Home,,True,475.0,475.0,0.0
PL1897700447,18977,SQ1897700234,447,2166.0,2167.0,2,234,Away,,False,475.0,475.0,0.0
PL1897700448,18977,SQ1897700235,448,2168.0,2168.0,1,235,Away,,False,474.0,474.0,0.0
PL1897700449,18977,SQ1897700235,449,2169.0,2171.0,3,235,Home,,False,471.0,472.0,1.0
PL1897700450,18977,SQ1897700236,450,2172.0,2172.0,1,236,Home,,False,471.0,471.0,0.0
